<record><header><identifier>oai:alma.41SLSP_UGE:991000043119705502</identifier><datestamp>2023-04-06T00:08:45Z</datestamp><setSpec>uge_bcen_RapidILL_BOOK</setSpec><setSpec>uge_aaca_RapidILL_BOOK</setSpec><setSpec>uge_abels_RapidILL_BOOK</setSpec><setSpec>uge_dbu_RapidILL_BOOK</setSpec><setSpec>uge_cmu_RapidILL_BOOK</setSpec><setSpec>uge_mail_RapidILL_BOOK</setSpec><setSpec>uge_abbat_RapidILL_BOOK</setSpec><setSpec>UNIGE_ALL</setSpec><setSpec>uge_aobs_RapidILL_BOOK</setSpec><setSpec>uge_acar_RapidILL_BOOK</setSpec></header><metadata>
<record xmlns="http://www.loc.gov/MARC21/slim" xmlns:xsi="http://www.w3.org/2001/XMLSchema-instance" xsi:schemaLocation="http://www.loc.gov/MARC21/slim http://www.loc.gov/standards/marcxml/schema/MARC21slim.xsd"><leader>00994nam a2200289 c 4500</leader><controlfield tag="001">991000043119705502</controlfield><controlfield tag="005">20230405195123.0</controlfield><controlfield tag="008">901029s1988    xxk||||| |||| 00| ||eng d</controlfield><datafield ind1=" " ind2=" " tag="020"><subfield code="a">0471912921</subfield></datafield><datafield ind1=" " ind2=" " tag="035"><subfield code="a">(swissbib)085067806-41slsp_network</subfield></datafield><datafield ind1=" " ind2=" " tag="035"><subfield code="a">085067806</subfield><subfield code="9">ExL</subfield></datafield><datafield ind1=" " ind2=" " tag="035"><subfield code="a">(RERO)1302752-41slsp</subfield></datafield><datafield ind1=" " ind2=" " tag="035"><subfield code="a">(EXLNZ-41SLSP_NETWORK)991052844669705501</subfield></datafield><datafield ind1=" " ind2=" " tag="040"><subfield code="a">RERO geufpe</subfield><subfield code="d">CH-ZuSLS</subfield></datafield><datafield ind1=" " ind2="7" tag="072"><subfield code="a">ps</subfield><subfield code="2">rero</subfield></datafield><datafield ind1="1" ind2=" " tag="100"><subfield code="a">Asplund, Gisèle</subfield><subfield code="0">(RERO)A002943266</subfield><subfield code="4">cre</subfield></datafield><datafield ind1="1" ind2="0" tag="245"><subfield code="a">Women managers</subfield><subfield code="b">changing organizational cultures</subfield><subfield code="c">Gisèle Asplund</subfield></datafield><datafield ind1=" " ind2="1" tag="264"><subfield code="a">Chichester</subfield><subfield code="a">New York [etc.]</subfield><subfield code="b">J. Wiley</subfield><subfield code="c">[1988]</subfield></datafield><datafield ind1=" " ind2="4" tag="264"><subfield code="c">© 1988</subfield></datafield><datafield ind1=" " ind2=" " tag="300"><subfield code="a">XVI, 196 p.</subfield><subfield code="c">21 cm</subfield></datafield><datafield ind1=" " ind2=" " tag="336"><subfield code="b">txt</subfield><subfield code="2">rdacontent</subfield></datafield><datafield ind1=" " ind2=" " tag="337"><subfield code="b">n</subfield><subfield code="2">rdamedia</subfield></datafield><datafield ind1=" " ind2=" " tag="338"><subfield code="b">nc</subfield><subfield code="2">rdacarrier</subfield></datafield><datafield ind1=" " ind2="7" tag="650"><subfield code="a">Femmes chefs d'entreprise</subfield><subfield code="0">(IDREF)028697707</subfield><subfield code="2">idref</subfield></datafield><datafield ind1=" " ind2="7" tag="650"><subfield code="a">Égalité des sexes</subfield><subfield code="0">(IDREF)035268867</subfield><subfield code="2">idref</subfield></datafield><datafield ind1=" " ind2="7" tag="650"><subfield code="a">entreprise - organisation (structure)</subfield><subfield code="0">(RERO)A009987464</subfield><subfield code="2">rerovoc</subfield></datafield><datafield ind1=" " ind2="7" tag="651"><subfield code="a">Suède</subfield><subfield code="0">(IDREF)027622444</subfield><subfield code="2">idref</subfield></datafield><datafield ind1=" " ind2=" " tag="900"><subfield code="a">REROnoselfmerge</subfield></datafield></record>
</metadata></record>