<record><header><identifier>oai:alma.41SLSP_UGE:991000043449705502</identifier><datestamp>2023-03-01T01:09:12Z</datestamp><setSpec>uge_bcen_RapidILL_BOOK</setSpec><setSpec>uge_aaca_RapidILL_BOOK</setSpec><setSpec>uge_abels_RapidILL_BOOK</setSpec><setSpec>uge_dbu_RapidILL_BOOK</setSpec><setSpec>uge_cmu_RapidILL_BOOK</setSpec><setSpec>uge_mail_RapidILL_BOOK</setSpec><setSpec>UNIGE_ALL</setSpec><setSpec>uge_abbat_RapidILL_BOOK</setSpec><setSpec>uge_aobs_RapidILL_BOOK</setSpec><setSpec>uge_acar_RapidILL_BOOK</setSpec></header><metadata>
<record xmlns="http://www.loc.gov/MARC21/slim" xmlns:xsi="http://www.w3.org/2001/XMLSchema-instance" xsi:schemaLocation="http://www.loc.gov/MARC21/slim http://www.loc.gov/standards/marcxml/schema/MARC21slim.xsd"><leader>01157nam a2200313 c 4500</leader><controlfield tag="001">991000043449705502</controlfield><controlfield tag="005">20220316081155.0</controlfield><controlfield tag="008">000818s1925    fr ||||| |||| 00| ||fre d</controlfield><datafield ind1=" " ind2=" " tag="035"><subfield code="a">(swissbib)081950748-41slsp_network</subfield></datafield><datafield ind1=" " ind2=" " tag="035"><subfield code="a">081950748</subfield><subfield code="9">ExL</subfield></datafield><datafield ind1=" " ind2=" " tag="035"><subfield code="a">(RERO)0868655-41slsp</subfield></datafield><datafield ind1=" " ind2=" " tag="035"><subfield code="a">(EXLNZ-41SLSP_NETWORK)991032889669705501</subfield></datafield><datafield ind1=" " ind2=" " tag="040"><subfield code="a">RERO fru-le</subfield><subfield code="d">CH-ZuSLS</subfield></datafield><datafield ind1="0" ind2=" " tag="041"><subfield code="a">fre</subfield><subfield code="a">grc</subfield></datafield><datafield ind1=" " ind2="7" tag="072"><subfield code="a">gr</subfield><subfield code="2">rero</subfield></datafield><datafield ind1="0" ind2=" " tag="100"><subfield code="a">Eschyle</subfield><subfield code="d">0525?-0456 av. J.-C.</subfield><subfield code="0">(IDREF)086453033</subfield><subfield code="4">cre</subfield></datafield><datafield ind1="1" ind2="0" tag="245"><subfield code="a">Eschyle</subfield><subfield code="c">texte établi et traduit par Paul Mazon.</subfield><subfield code="n">T. 2</subfield><subfield code="p">Agamemnon</subfield><subfield code="p">Les Choéphores</subfield><subfield code="p">Les Euménides</subfield></datafield><datafield ind1=" " ind2="1" tag="264"><subfield code="a">Paris</subfield><subfield code="b">Les Belles Lettres</subfield><subfield code="c">1925</subfield></datafield><datafield ind1=" " ind2=" " tag="300"><subfield code="a">XXVIII, 171 p., avec pagination double pour les pp. 10-71, 80-122, 132-171</subfield><subfield code="c">21 cm</subfield></datafield><datafield ind1=" " ind2=" " tag="336"><subfield code="b">txt</subfield><subfield code="2">rdacontent</subfield></datafield><datafield ind1=" " ind2=" " tag="337"><subfield code="b">n</subfield><subfield code="2">rdamedia</subfield></datafield><datafield ind1=" " ind2=" " tag="338"><subfield code="b">nc</subfield><subfield code="2">rdacarrier</subfield></datafield><datafield ind1="1" ind2=" " tag="490"><subfield code="a">Collection des universités de France</subfield></datafield><datafield ind1=" " ind2=" " tag="500"><subfield code="a">Texte grec avec trad. française en regard</subfield></datafield><datafield ind1="0" ind2="2" tag="700"><subfield code="a">Aeschylus</subfield><subfield code="t">Agamemnon</subfield></datafield><datafield ind1="0" ind2="2" tag="700"><subfield code="a">Aeschylus</subfield><subfield code="t">&lt;&lt;Les&gt;&gt; Choéphores</subfield></datafield><datafield ind1="0" ind2="2" tag="700"><subfield code="a">Aeschylus</subfield><subfield code="t">&lt;&lt;Les&gt;&gt; Euménides</subfield></datafield><datafield ind1="0" ind2=" " tag="800"><subfield code="a">Aeschylus</subfield><subfield code="t">Eschyle</subfield><subfield code="v">2</subfield></datafield><datafield ind1=" " ind2=" " tag="830"><subfield code="a">Collection des universités de France</subfield><subfield code="w">(RERO)0009417-41slsp</subfield></datafield><datafield ind1=" " ind2=" " tag="900"><subfield code="a">REROnoselfmerge</subfield></datafield></record>
</metadata></record>