<record><header><identifier>oai:alma.41SLSP_UGE:991000043969705502</identifier><datestamp>2024-09-13T00:15:14Z</datestamp><setSpec>uge_bcen_RapidILL_BOOK</setSpec><setSpec>uge_aaca_RapidILL_BOOK</setSpec><setSpec>uge_abels_RapidILL_BOOK</setSpec><setSpec>uge_dbu_RapidILL_BOOK</setSpec><setSpec>uge_cmu_RapidILL_BOOK</setSpec><setSpec>uge_mail_RapidILL_BOOK</setSpec><setSpec>uge_abbat_RapidILL_BOOK</setSpec><setSpec>UNIGE_ALL</setSpec><setSpec>uge_aobs_RapidILL_BOOK</setSpec><setSpec>uge_acar_RapidILL_BOOK</setSpec></header><metadata>
<record xmlns="http://www.loc.gov/MARC21/slim" xmlns:xsi="http://www.w3.org/2001/XMLSchema-instance" xsi:schemaLocation="http://www.loc.gov/MARC21/slim http://www.loc.gov/standards/marcxml/schema/MARC21slim.xsd"><leader>01803nam a2200469 c 4500</leader><controlfield tag="001">991000043969705502</controlfield><controlfield tag="005">20240912185609.0</controlfield><controlfield tag="008">201011s1985    ne ||||| |||| 00| ||eng d</controlfield><datafield ind1=" " ind2=" " tag="020"><subfield code="a">0444806857</subfield><subfield code="q">hbk.</subfield></datafield><datafield ind1=" " ind2=" " tag="020"><subfield code="a">0444806849</subfield><subfield code="q">pbk.</subfield></datafield><datafield ind1=" " ind2=" " tag="035"><subfield code="a">(swissbib)220818290-41slsp_network</subfield></datafield><datafield ind1=" " ind2=" " tag="035"><subfield code="a">220818290</subfield><subfield code="9">ExL</subfield></datafield><datafield ind1=" " ind2=" " tag="035"><subfield code="a">(RERO)0673770-41slsp</subfield></datafield><datafield ind1=" " ind2=" " tag="035"><subfield code="a">(NEBIS)000373354EBI01</subfield></datafield><datafield ind1=" " ind2=" " tag="035"><subfield code="a">(IDSBB)005388017DSV01</subfield></datafield><datafield ind1=" " ind2=" " tag="035"><subfield code="a">(EXLNZ-41SLSP_NETWORK)991015369119705501</subfield></datafield><datafield ind1=" " ind2=" " tag="040"><subfield code="a">RERO frbcuc</subfield><subfield code="d">CH-ZuSLS</subfield></datafield><datafield ind1=" " ind2="7" tag="072"><subfield code="a">bi</subfield><subfield code="2">rero</subfield></datafield><datafield ind1=" " ind2="7" tag="072"><subfield code="a">py</subfield><subfield code="2">rero</subfield></datafield><datafield ind1=" " ind2=" " tag="084"><subfield code="a">WC 3100</subfield><subfield code="2">rvk</subfield></datafield><datafield ind1="1" ind2=" " tag="100"><subfield code="a">Robards, Anthony William</subfield><subfield code="d">1940-....</subfield><subfield code="0">(IDREF)032164408</subfield><subfield code="4">cre</subfield></datafield><datafield ind1="1" ind2="0" tag="245"><subfield code="a">Low temperature methods in biological electron microscopy</subfield><subfield code="c">A[nthony] W[illiam] Robards, U[we] B[ernd] Sleytr</subfield></datafield><datafield ind1=" " ind2="1" tag="264"><subfield code="a">Amsterdam</subfield><subfield code="a">New York [etc.]</subfield><subfield code="b">Elsevier</subfield><subfield code="c">1985</subfield></datafield><datafield ind1=" " ind2=" " tag="300"><subfield code="a">XX, 551 p.</subfield><subfield code="b">ill.</subfield><subfield code="c">23 cm</subfield></datafield><datafield ind1=" " ind2=" " tag="336"><subfield code="b">txt</subfield><subfield code="2">rdacontent</subfield></datafield><datafield ind1=" " ind2=" " tag="337"><subfield code="b">n</subfield><subfield code="2">rdamedia</subfield></datafield><datafield ind1=" " ind2=" " tag="338"><subfield code="b">nc</subfield><subfield code="2">rdacarrier</subfield></datafield><datafield ind1="1" ind2=" " tag="490"><subfield code="a">Practical methods in electron microscopy</subfield><subfield code="v">vol. 10</subfield></datafield><datafield ind1=" " ind2=" " tag="504"><subfield code="a">Bibliogr.</subfield></datafield><datafield ind1=" " ind2="2" tag="650"><subfield code="a">Microscopy, Electron</subfield><subfield code="x">methods</subfield></datafield><datafield ind1=" " ind2="2" tag="650"><subfield code="a">Freeze Drying</subfield><subfield code="x">methods</subfield></datafield><datafield ind1=" " ind2="2" tag="650"><subfield code="a">Freeze Etching</subfield><subfield code="x">methods</subfield></datafield><datafield ind1=" " ind2="2" tag="650"><subfield code="a">Freezing</subfield><subfield code="x">methods</subfield></datafield><datafield ind1=" " ind2="2" tag="650"><subfield code="a">Freeze Fracturing</subfield><subfield code="x">methods</subfield></datafield><datafield ind1=" " ind2="7" tag="650"><subfield code="a">ELEKTRONENMIKROSKOPIE (BIOLOGISCHE TECHNIKEN)</subfield><subfield code="9">ger</subfield><subfield code="0">(ETHUDK)000021349</subfield><subfield code="2">ethudk</subfield></datafield><datafield ind1=" " ind2="7" tag="650"><subfield code="a">KRYOTECHNIKEN + EINFRIEREN + KRYOFIXATION (BIOLOGISCHE TECHNIKEN)</subfield><subfield code="9">ger</subfield><subfield code="0">(ETHUDK)000021339</subfield><subfield code="2">ethudk</subfield></datafield><datafield ind1="1" ind2=" " tag="700"><subfield code="a">Robards, A.W.</subfield></datafield><datafield ind1="1" ind2=" " tag="700"><subfield code="a">Sleytr, U.B.</subfield></datafield><datafield ind1="1" ind2=" " tag="700"><subfield code="a">Sleytr, Uwe Bernd</subfield><subfield code="0">(RERO)A003837655</subfield></datafield><datafield ind1=" " ind2="0" tag="830"><subfield code="a">Practical methods in electron microscopy</subfield><subfield code="v">10</subfield><subfield code="w">(IDSBB)000003310DSV01</subfield></datafield><datafield ind1=" " ind2="0" tag="830"><subfield code="a">Practical methods in electron microscopy</subfield><subfield code="v">10</subfield><subfield code="w">(NEBIS)000026029EBI01</subfield></datafield><datafield ind1=" " ind2="0" tag="830"><subfield code="a">Practical methods in electron microscopy</subfield><subfield code="v">10</subfield><subfield code="w">(RERO)0508862-41slsp</subfield></datafield><datafield ind1=" " ind2=" " tag="900"><subfield code="a">REROnoselfmerge</subfield></datafield></record>
</metadata></record>