<record><header><identifier>oai:alma.41SLSP_UGE:991000043359705502</identifier><datestamp>2023-03-01T01:09:12Z</datestamp><setSpec>uge_bcen_RapidILL_BOOK</setSpec><setSpec>uge_aaca_RapidILL_BOOK</setSpec><setSpec>uge_abels_RapidILL_BOOK</setSpec><setSpec>uge_dbu_RapidILL_BOOK</setSpec><setSpec>uge_cmu_RapidILL_BOOK</setSpec><setSpec>uge_mail_RapidILL_BOOK</setSpec><setSpec>UNIGE_ALL</setSpec><setSpec>uge_abbat_RapidILL_BOOK</setSpec><setSpec>uge_aobs_RapidILL_BOOK</setSpec><setSpec>uge_acar_RapidILL_BOOK</setSpec></header><metadata>
<record xmlns="http://www.loc.gov/MARC21/slim" xmlns:xsi="http://www.w3.org/2001/XMLSchema-instance" xsi:schemaLocation="http://www.loc.gov/MARC21/slim http://www.loc.gov/standards/marcxml/schema/MARC21slim.xsd"><leader>01532nam a22004452c 4500</leader><controlfield tag="001">991000043359705502</controlfield><controlfield tag="005">20230121192849.0</controlfield><controlfield tag="008">151120m20082012xxu||||| |||| 00| ||eng d</controlfield><datafield ind1=" " ind2=" " tag="020"><subfield code="a">9780393913095</subfield><subfield code="q">Package 1 Vol. A-B</subfield><subfield code="q">pbk.</subfield></datafield><datafield ind1=" " ind2=" " tag="020"><subfield code="a">9780393913422</subfield><subfield code="q">Package 2 Vol. C-E</subfield><subfield code="q">pbk.</subfield></datafield><datafield ind1=" " ind2=" " tag="020"><subfield code="a">9780393934762</subfield><subfield code="q">Vol. A</subfield><subfield code="q">pbk.</subfield></datafield><datafield ind1=" " ind2=" " tag="020"><subfield code="a">9780393934779</subfield><subfield code="q">Vol. B</subfield><subfield code="q">pbk.</subfield></datafield><datafield ind1=" " ind2=" " tag="020"><subfield code="a">9780393934786</subfield><subfield code="q">Vol. C</subfield><subfield code="q">pbk.</subfield></datafield><datafield ind1=" " ind2=" " tag="020"><subfield code="a">9780393934793</subfield><subfield code="q">Vol. D</subfield><subfield code="q">pbk.</subfield></datafield><datafield ind1=" " ind2=" " tag="020"><subfield code="a">9780393912562</subfield><subfield code="q">Vol. E</subfield><subfield code="q">pbk</subfield></datafield><datafield ind1=" " ind2=" " tag="035"><subfield code="a">(swissbib)122340728-41slsp_network</subfield></datafield><datafield ind1=" " ind2=" " tag="035"><subfield code="a">122340728</subfield><subfield code="9">ExL</subfield></datafield><datafield ind1=" " ind2=" " tag="035"><subfield code="a">(RERO)R008308599-41slsp</subfield></datafield><datafield ind1=" " ind2=" " tag="035"><subfield code="a">(EXLNZ-41SLSP_NETWORK)991056342859705501</subfield></datafield><datafield ind1=" " ind2=" " tag="040"><subfield code="a">NLGGC</subfield><subfield code="d">CH-ZuSLS</subfield></datafield><datafield ind1=" " ind2="4" tag="050"><subfield code="a">PS507</subfield><subfield code="b">.N65 2007</subfield></datafield><datafield ind1=" " ind2="7" tag="072"><subfield code="a">an</subfield><subfield code="2">rero</subfield></datafield><datafield ind1="0" ind2="4" tag="082"><subfield code="a">810.8</subfield><subfield code="2">22</subfield></datafield><datafield ind1="0" ind2="0" tag="245"><subfield code="a">&lt;&lt;The&gt;&gt; Norton anthology of American literature</subfield><subfield code="c">Nina Baym, general editor ; Robert S. Levine, associate general editor</subfield></datafield><datafield ind1=" " ind2=" " tag="250"><subfield code="a">8th ed.</subfield></datafield><datafield ind1=" " ind2="1" tag="264"><subfield code="a">New York</subfield><subfield code="b">W.W. Norton</subfield><subfield code="c">2008-2012</subfield></datafield><datafield ind1=" " ind2=" " tag="300"><subfield code="a">5 vol.</subfield></datafield><datafield ind1=" " ind2=" " tag="336"><subfield code="b">txt</subfield><subfield code="2">rdacontent</subfield></datafield><datafield ind1=" " ind2=" " tag="337"><subfield code="b">n</subfield><subfield code="2">rdamedia</subfield></datafield><datafield ind1=" " ind2=" " tag="338"><subfield code="b">nc</subfield><subfield code="2">rdacarrier</subfield></datafield><datafield ind1="0" ind2=" " tag="505"><subfield code="a">Vol A: Beginnings to 1820</subfield></datafield><datafield ind1="0" ind2=" " tag="505"><subfield code="a">Vol. B: 1820-1865</subfield></datafield><datafield ind1="0" ind2=" " tag="505"><subfield code="a">Vol. C: 1865-1914</subfield></datafield><datafield ind1="0" ind2=" " tag="505"><subfield code="a">Vol. D: 1914-1945</subfield></datafield><datafield ind1="0" ind2=" " tag="505"><subfield code="a">Vol. E: Literature since 1945</subfield></datafield><datafield ind1=" " ind2="7" tag="650"><subfield code="a">Littérature américaine</subfield><subfield code="0">(IDREF)027257843</subfield><subfield code="2">idref</subfield></datafield><datafield ind1=" " ind2="7" tag="655"><subfield code="a">Anthologies</subfield><subfield code="0">(IDREF)027269493</subfield><subfield code="2">idref</subfield></datafield><datafield ind1="1" ind2=" " tag="700"><subfield code="a">Baym, Nina</subfield><subfield code="d">1936-2018</subfield><subfield code="0">(IDREF)028578198</subfield></datafield><datafield ind1="1" ind2=" " tag="700"><subfield code="a">Levine, Robert S</subfield><subfield code="0">(RERO)A003517147</subfield></datafield><datafield ind1=" " ind2=" " tag="900"><subfield code="a">REROnoselfmerge</subfield></datafield><datafield ind1=" " ind2=" " tag="910"><subfield code="a">OCoLC</subfield><subfield code="b">20151120</subfield><subfield code="c">Droits réservés</subfield></datafield></record>
</metadata></record>