<record><header><identifier>oai:alma.41SLSP_UGE:991000044079705502</identifier><datestamp>2023-03-01T01:09:12Z</datestamp><setSpec>uge_bcen_RapidILL_BOOK</setSpec><setSpec>uge_aaca_RapidILL_BOOK</setSpec><setSpec>uge_abels_RapidILL_BOOK</setSpec><setSpec>uge_dbu_RapidILL_BOOK</setSpec><setSpec>uge_cmu_RapidILL_BOOK</setSpec><setSpec>uge_mail_RapidILL_BOOK</setSpec><setSpec>UNIGE_ALL</setSpec><setSpec>uge_abbat_RapidILL_BOOK</setSpec><setSpec>uge_acar_RapidILL_BOOK</setSpec><setSpec>uge_aobs_RapidILL_BOOK</setSpec></header><metadata>
<record xmlns="http://www.loc.gov/MARC21/slim" xmlns:xsi="http://www.w3.org/2001/XMLSchema-instance" xsi:schemaLocation="http://www.loc.gov/MARC21/slim http://www.loc.gov/standards/marcxml/schema/MARC21slim.xsd"><leader>01961nam a2200457 ca4500</leader><controlfield tag="001">991000044079705502</controlfield><controlfield tag="005">20230127203258.0</controlfield><controlfield tag="008">201012m20019999it ||||| |||| 00| ||ita d</controlfield><datafield ind1=" " ind2=" " tag="020"><subfield code="a">887242299X</subfield><subfield code="q">vol. 1</subfield></datafield><datafield ind1=" " ind2=" " tag="035"><subfield code="a">(swissbib)238092577-41slsp_network</subfield></datafield><datafield ind1=" " ind2=" " tag="035"><subfield code="a">238092577</subfield><subfield code="9">ExL</subfield></datafield><datafield ind1=" " ind2=" " tag="035"><subfield code="a">(RERO)R004550985-41slsp</subfield></datafield><datafield ind1=" " ind2=" " tag="035"><subfield code="a">(IDSBB)002785149DSV01</subfield></datafield><datafield ind1=" " ind2=" " tag="035"><subfield code="a">(EXLNZ-41SLSP_NETWORK)991136059699705501</subfield></datafield><datafield ind1=" " ind2=" " tag="040"><subfield code="a">RERO frbcuc</subfield><subfield code="d">CH-ZuSLS</subfield></datafield><datafield ind1="0" ind2=" " tag="041"><subfield code="a">ita</subfield><subfield code="a">lat</subfield></datafield><datafield ind1=" " ind2=" " tag="050"><subfield code="a">PC</subfield></datafield><datafield ind1=" " ind2="7" tag="072"><subfield code="a">it</subfield><subfield code="2">rero</subfield></datafield><datafield ind1=" " ind2="7" tag="072"><subfield code="a">it</subfield><subfield code="2">SzZuIDS BS/BE</subfield></datafield><datafield ind1=" " ind2="7" tag="072"><subfield code="a">kp</subfield><subfield code="2">SzZuIDS BS/BE</subfield></datafield><datafield ind1="1" ind2="4" tag="082"><subfield code="a">450</subfield></datafield><datafield ind1=" " ind2=" " tag="084"><subfield code="a">LH 64800</subfield><subfield code="2">rvk</subfield></datafield><datafield ind1="1" ind2=" " tag="100"><subfield code="a">Borghini, Vincenzo</subfield><subfield code="d">1515-1580</subfield><subfield code="0">(IDREF)030385288</subfield><subfield code="4">cre</subfield></datafield><datafield ind1="1" ind2="0" tag="245"><subfield code="a">&lt;&lt;Il&gt;&gt; carteggio di Vincenzio Borghini</subfield></datafield><datafield ind1=" " ind2="1" tag="264"><subfield code="a">Firenze</subfield><subfield code="b">S.P.E.S. Studio per edizioni scelte</subfield><subfield code="c">2001-</subfield></datafield><datafield ind1=" " ind2=" " tag="300"><subfield code="a">Vol. 1-</subfield><subfield code="b">Ill.</subfield></datafield><datafield ind1=" " ind2=" " tag="336"><subfield code="b">txt</subfield><subfield code="2">rdacontent</subfield></datafield><datafield ind1=" " ind2=" " tag="337"><subfield code="b">n</subfield><subfield code="2">rdamedia</subfield></datafield><datafield ind1=" " ind2=" " tag="338"><subfield code="b">nc</subfield><subfield code="2">rdacarrier</subfield></datafield><datafield ind1=" " ind2=" " tag="500"><subfield code="a">Enthält Briefe in ital. und lat. Sprache</subfield></datafield><datafield ind1="0" ind2=" " tag="505"><subfield code="a">1: 1541-1552 : la filologia classica e la corrispondenza con Pier Vettori ; la collaborazione alle 'Vite' vasariane per l'edizione torrentiniana del 1550 / lettere in lingua italiana a cura di Daniela Francalanci e Franca Pellegrini ; lettere in lingua latina a cura di Eliana Carrara</subfield></datafield><datafield ind1="1" ind2="7" tag="600"><subfield code="a">Borghini, Vincenzo</subfield><subfield code="d">1515-1580</subfield><subfield code="0">(IDREF)030385288</subfield><subfield code="2">idref</subfield></datafield><datafield ind1="1" ind2="7" tag="600"><subfield code="a">Borghini, Vincenzo</subfield><subfield code="d">1515-1580</subfield><subfield code="0">(DE-588)119242575</subfield><subfield code="2">gnd</subfield></datafield><datafield ind1="1" ind2="7" tag="600"><subfield code="a">Vasari, Giorgio</subfield><subfield code="d">1511-1574</subfield><subfield code="t">&lt;&lt;Le&gt;&gt; vite de' più eccellenti architetti, pittori et sculptori italiani da Cimabue insino a' tempi nostri</subfield><subfield code="0">(DE-588)4383495-4</subfield><subfield code="2">gnd</subfield></datafield><datafield ind1="1" ind2="7" tag="600"><subfield code="a">Vettori, Pietro</subfield><subfield code="d">1499-1585</subfield><subfield code="0">(DE-588)119263653</subfield><subfield code="2">gnd</subfield></datafield><datafield ind1=" " ind2="7" tag="650"><subfield code="a">1541-1552</subfield><subfield code="2">rero</subfield></datafield><datafield ind1=" " ind2="7" tag="655"><subfield code="a">Correspondance</subfield><subfield code="0">(IDREF)027490122</subfield><subfield code="2">idref</subfield></datafield><datafield ind1=" " ind2="7" tag="655"><subfield code="a">Briefsammlung</subfield><subfield code="2">gnd-content</subfield></datafield><datafield ind1="1" ind2=" " tag="700"><subfield code="a">Borghini, Vincenzo</subfield><subfield code="d">1515-1580</subfield><subfield code="0">(DE-588)119242575</subfield></datafield><datafield ind1="1" ind2=" " tag="700"><subfield code="a">Francalanci, Daniela</subfield><subfield code="0">(IDREF)033711437</subfield></datafield><datafield ind1="1" ind2=" " tag="700"><subfield code="a">Carrara, Eliana</subfield><subfield code="d">1965-....</subfield><subfield code="0">(IDREF)129479179</subfield></datafield><datafield ind1=" " ind2=" " tag="900"><subfield code="a">REROnoselfmerge</subfield></datafield><datafield ind1=" " ind2=" " tag="993"><subfield code="a">BFLB 29332</subfield><subfield code="x">ge/ulit/a/10/349</subfield><subfield code="9">LOCAL</subfield></datafield></record>
</metadata></record>