<record><header><identifier>oai:alma.41SLSP_UGE:991000019019705502</identifier><datestamp>2024-03-21T01:19:28Z</datestamp><setSpec>uge_bcen_RapidILL_BOOK</setSpec><setSpec>uge_aaca_RapidILL_BOOK</setSpec><setSpec>uge_abels_RapidILL_BOOK</setSpec><setSpec>uge_dbu_RapidILL_BOOK</setSpec><setSpec>uge_cmu_RapidILL_BOOK</setSpec><setSpec>uge_mail_RapidILL_BOOK</setSpec><setSpec>uge_abbat_RapidILL_BOOK</setSpec><setSpec>UNIGE_ALL</setSpec><setSpec>uge_acar_RapidILL_BOOK</setSpec><setSpec>uge_aobs_RapidILL_BOOK</setSpec></header><metadata>
<record xmlns="http://www.loc.gov/MARC21/slim" xmlns:xsi="http://www.w3.org/2001/XMLSchema-instance" xsi:schemaLocation="http://www.loc.gov/MARC21/slim http://www.loc.gov/standards/marcxml/schema/MARC21slim.xsd"><leader>02037nam a2200469 ca4500</leader><controlfield tag="001">991000019019705502</controlfield><controlfield tag="005">20240320230345.0</controlfield><controlfield tag="008">201012s1994    sz ||||| |||| 00| ||eng d</controlfield><datafield ind1=" " ind2=" " tag="019"><subfield code="a">Übergeordnete Aufnahme = Niveau supérieur = Livello superiore</subfield><subfield code="5">SLSP/2020</subfield></datafield><datafield ind1="7" ind2=" " tag="024"><subfield code="a">http://catalogue.bnf.fr/ark:/12148/cb37742369n</subfield><subfield code="2">uri</subfield></datafield><datafield ind1=" " ind2=" " tag="035"><subfield code="a">(swissbib)239419707-41slsp_network</subfield></datafield><datafield ind1=" " ind2=" " tag="035"><subfield code="a">239419707</subfield><subfield code="9">ExL</subfield></datafield><datafield ind1=" " ind2=" " tag="035"><subfield code="a">(RERO)1925305-41slsp</subfield></datafield><datafield ind1=" " ind2=" " tag="035"><subfield code="a">(IDSBB)001121260DSV01</subfield></datafield><datafield ind1=" " ind2=" " tag="035"><subfield code="a">(NEBIS)000959456EBI01</subfield></datafield><datafield ind1=" " ind2=" " tag="035"><subfield code="a">(EXLNZ-41SLSP_NETWORK)991052932979705501</subfield></datafield><datafield ind1=" " ind2=" " tag="040"><subfield code="a">RERO geussm</subfield><subfield code="d">CH-ZuSLS</subfield></datafield><datafield ind1="1" ind2=" " tag="041"><subfield code="a">eng</subfield><subfield code="h">rus</subfield></datafield><datafield ind1=" " ind2="7" tag="072"><subfield code="a">ma</subfield><subfield code="2">rero</subfield></datafield><datafield ind1=" " ind2="7" tag="072"><subfield code="a">mt</subfield><subfield code="2">SzZuIDS BS/BE</subfield></datafield><datafield ind1="1" ind2="4" tag="082"><subfield code="a">510</subfield><subfield code="2">15</subfield></datafield><datafield ind1=" " ind2=" " tag="084"><subfield code="a">35</subfield><subfield code="2">msc</subfield></datafield><datafield ind1="1" ind2=" " tag="100"><subfield code="a">Maslov, Viktor P.</subfield><subfield code="d">1930-</subfield><subfield code="0">(DE-588)123340853</subfield><subfield code="6">880-01</subfield></datafield><datafield ind1="1" ind2=" " tag="880"><subfield code="6">100-01</subfield><subfield code="a">Maslov, Viktor Pavlovitch</subfield><subfield code="0">(IDREF)110482816</subfield><subfield code="4">cre</subfield></datafield><datafield ind1="1" ind2="0" tag="245"><subfield code="a">&lt;&lt;The&gt;&gt; complex WKB method for nonlinear equations</subfield><subfield code="c">Victor P. Maslov</subfield></datafield><datafield ind1="1" ind2=" " tag="246"><subfield code="a">Kompleksnyi metod VKB v nelineinyh uravnenijah</subfield></datafield><datafield ind1=" " ind2="1" tag="264"><subfield code="a">Basel</subfield><subfield code="a">Boston [etc.]</subfield><subfield code="b">Birkhäuser</subfield><subfield code="c">1994-[?]</subfield></datafield><datafield ind1=" " ind2=" " tag="300"><subfield code="a">Vol. 1-</subfield></datafield><datafield ind1=" " ind2=" " tag="336"><subfield code="b">txt</subfield><subfield code="2">rdacontent</subfield></datafield><datafield ind1=" " ind2=" " tag="337"><subfield code="b">n</subfield><subfield code="2">rdamedia</subfield></datafield><datafield ind1=" " ind2=" " tag="338"><subfield code="b">nc</subfield><subfield code="2">rdacarrier</subfield></datafield><datafield ind1="0" ind2=" " tag="490"><subfield code="a">Progress in physics</subfield></datafield><datafield ind1="1" ind2=" " tag="490"><subfield code="a">PPh</subfield><subfield code="v">vol. 16</subfield></datafield><datafield ind1=" " ind2=" " tag="500"><subfield code="a">Originaltitel: Kompleksnyj metod VKB v nelinejnych uravnenijach</subfield></datafield><datafield ind1=" " ind2=" " tag="500"><subfield code="a">&quot;Based on the book &quot;Kompleksnyi metod VKB v nelineinyh uravnenijah&quot;, originally published in Russian by NAUKA&quot;</subfield></datafield><datafield ind1=" " ind2="7" tag="650"><subfield code="a">HAMILTONSCHE GLEICHUNGEN, HAMILTONSCHER FORMALISMUS (MECHANIK)</subfield><subfield code="9">ger</subfield><subfield code="0">(ETHUDK)000014344</subfield><subfield code="2">ethudk</subfield></datafield><datafield ind1=" " ind2="7" tag="650"><subfield code="a">LAGRANGE-MANNIGFALTIGKEITEN (DIFFERENTIALGEOMETRIE)</subfield><subfield code="9">ger</subfield><subfield code="0">(ETHUDK)000044716</subfield><subfield code="2">ethudk</subfield></datafield><datafield ind1=" " ind2="7" tag="650"><subfield code="a">MATHEMATISCHE PHYSIK</subfield><subfield code="9">ger</subfield><subfield code="0">(ETHUDK)000012468</subfield><subfield code="2">ethudk</subfield></datafield><datafield ind1=" " ind2="7" tag="650"><subfield code="a">TRANSPORTGLEICHUNGEN (ANALYSIS)</subfield><subfield code="9">ger</subfield><subfield code="0">(ETHUDK)000013405</subfield><subfield code="2">ethudk</subfield></datafield><datafield ind1=" " ind2="7" tag="650"><subfield code="a">WKB-METHODE, WENTZEL-KRAMERS-BRILLOUIN-APPROXIMATION (NUMERISCHE MATHEMATIK)</subfield><subfield code="9">ger</subfield><subfield code="0">(ETHUDK)000054451</subfield><subfield code="2">ethudk</subfield></datafield><datafield ind1="1" ind2=" " tag="700"><subfield code="a">Maslov, Victor P.</subfield><subfield code="q">Viktor Pavlovich</subfield></datafield><datafield ind1=" " ind2="0" tag="830"><subfield code="a">Progress in physics</subfield><subfield code="v">16</subfield><subfield code="w">(NEBIS)000010317EBI01</subfield></datafield><datafield ind1=" " ind2=" " tag="900"><subfield code="a">REROnoselfmerge</subfield></datafield></record>
</metadata></record>