<record><header><identifier>oai:alma.41SLSP_UGE:991000019539705502</identifier><datestamp>2024-03-22T01:22:15Z</datestamp><setSpec>uge_bcen_RapidILL_BOOK</setSpec><setSpec>uge_aaca_RapidILL_BOOK</setSpec><setSpec>uge_abels_RapidILL_BOOK</setSpec><setSpec>uge_dbu_RapidILL_BOOK</setSpec><setSpec>uge_cmu_RapidILL_BOOK</setSpec><setSpec>uge_mail_RapidILL_BOOK</setSpec><setSpec>uge_abbat_RapidILL_BOOK</setSpec><setSpec>UNIGE_ALL</setSpec><setSpec>uge_acar_RapidILL_BOOK</setSpec><setSpec>uge_aobs_RapidILL_BOOK</setSpec></header><metadata>
<record xmlns="http://www.loc.gov/MARC21/slim" xmlns:xsi="http://www.w3.org/2001/XMLSchema-instance" xsi:schemaLocation="http://www.loc.gov/MARC21/slim http://www.loc.gov/standards/marcxml/schema/MARC21slim.xsd"><leader>01807nam a2200445 ca4500</leader><controlfield tag="001">991000019539705502</controlfield><controlfield tag="005">20240321225511.0</controlfield><controlfield tag="008">201011m19499999it     |      00| ||ita|d</controlfield><datafield ind1=" " ind2=" " tag="019"><subfield code="a">Übergeordnete Aufnahme = Niveau supérieur = Livello superiore</subfield><subfield code="5">SLSP/2020</subfield></datafield><datafield ind1=" " ind2=" " tag="035"><subfield code="a">(swissbib)217211488-41slsp_network</subfield></datafield><datafield ind1=" " ind2=" " tag="035"><subfield code="a">217211488</subfield><subfield code="9">ExL</subfield></datafield><datafield ind1=" " ind2=" " tag="035"><subfield code="a">(NEBIS)001739687EBI01</subfield></datafield><datafield ind1=" " ind2=" " tag="035"><subfield code="a">(RERO)1222261-41slsp</subfield></datafield><datafield ind1=" " ind2=" " tag="035"><subfield code="a">(IDSBB)000020255DSV01</subfield></datafield><datafield ind1=" " ind2=" " tag="035"><subfield code="a">(NEBIS)008040223EBI01</subfield></datafield><datafield ind1=" " ind2=" " tag="035"><subfield code="a">(SBT)000153081SBT01</subfield></datafield><datafield ind1=" " ind2=" " tag="035"><subfield code="a">(EXLNZ-41SLSP_NETWORK)991011635099705501</subfield></datafield><datafield ind1=" " ind2=" " tag="040"><subfield code="a">ETH-BIB</subfield><subfield code="b">ger</subfield><subfield code="e">ETHICS-ISBD</subfield><subfield code="d">CH-ZuSLS</subfield></datafield><datafield ind1="1" ind2=" " tag="041"><subfield code="a">ita</subfield><subfield code="a">lat</subfield><subfield code="h">lat</subfield></datafield><datafield ind1=" " ind2="7" tag="072"><subfield code="a">th</subfield><subfield code="2">rero</subfield></datafield><datafield ind1=" " ind2="7" tag="072"><subfield code="a">ph</subfield><subfield code="2">SzZuIDS BS/BE</subfield></datafield><datafield ind1=" " ind2="7" tag="072"><subfield code="a">it</subfield><subfield code="2">SzZuIDS BS/BE</subfield></datafield><datafield ind1="1" ind2=" " tag="100"><subfield code="6">880-01</subfield><subfield code="a">Campanella, Tommaso</subfield><subfield code="d">1568-1639</subfield><subfield code="0">(DE-588)11863819X</subfield></datafield><datafield ind1="1" ind2=" " tag="880"><subfield code="6">100-01</subfield><subfield code="a">Campanella, Tommaso</subfield><subfield code="d">1568-1639</subfield><subfield code="0">(IDREF)026764261</subfield><subfield code="4">cre</subfield></datafield><datafield ind1="1" ind2="0" tag="245"><subfield code="a">Theologicorum</subfield><subfield code="b">inediti</subfield><subfield code="c">Tommaso Campanella ; testo critico e traduzione a cura di Romano Amerio</subfield></datafield><datafield ind1="1" ind2="3" tag="246"><subfield code="a">Thomae Campanellae Theologicorum</subfield></datafield><datafield ind1=" " ind2="1" tag="264"><subfield code="a">Roma</subfield><subfield code="b">Centro Internazionale di Studi Umanistici</subfield><subfield code="c">1949-</subfield></datafield><datafield ind1=" " ind2=" " tag="300"><subfield code="a">30 Bde. in Teilen</subfield></datafield><datafield ind1=" " ind2=" " tag="336"><subfield code="b">txt</subfield><subfield code="2">rdacontent</subfield></datafield><datafield ind1=" " ind2=" " tag="337"><subfield code="b">n</subfield><subfield code="2">rdamedia</subfield></datafield><datafield ind1=" " ind2=" " tag="338"><subfield code="b">nc</subfield><subfield code="2">rdacarrier</subfield></datafield><datafield ind1="0" ind2=" " tag="490"><subfield code="a">Edizione nazionale dei classici del pensiero italiano</subfield></datafield><datafield ind1="0" ind2=" " tag="490"><subfield code="a">Edizione nazionale dei classici del pensiero italiano. Serie 2</subfield></datafield><datafield ind1=" " ind2=" " tag="500"><subfield code="a">Lat. Quellentext mit ital. Übers.</subfield></datafield><datafield ind1=" " ind2=" " tag="500"><subfield code="a">Impressum früher: Firenze : Vallecchi und Roma : Bocca; Verlag der neuesten Bände: Cedam</subfield></datafield><datafield ind1=" " ind2=" " tag="500"><subfield code="a">Ort und Verlag wechselnd</subfield></datafield><datafield ind1=" " ind2=" " tag="500"><subfield code="a">Text lat.-ital., parallel angeordnet</subfield></datafield><datafield ind1="1" ind2="2" tag="700"><subfield code="a">Campanella, Tommaso</subfield><subfield code="t">Theologia</subfield></datafield><datafield ind1="1" ind2=" " tag="700"><subfield code="6">880-02</subfield><subfield code="a">Amerio, Romano</subfield><subfield code="d">1905-1997</subfield><subfield code="0">(DE-588)119305976</subfield></datafield><datafield ind1="1" ind2=" " tag="880"><subfield code="6">700-02</subfield><subfield code="a">Amerio, Romano</subfield><subfield code="0">(RERO)A002925376</subfield></datafield><datafield ind1=" " ind2=" " tag="900"><subfield code="a">REROnoselfmerge</subfield></datafield><datafield ind1=" " ind2=" " tag="993"><subfield code="a">BFLA 42895</subfield><subfield code="x">ge/ulit/a/90/127</subfield><subfield code="9">LOCAL</subfield></datafield></record>
</metadata></record>