<record><header><identifier>oai:alma.41SLSP_UGE:991000044099705502</identifier><datestamp>2023-03-01T01:09:12Z</datestamp><setSpec>uge_bcen_RapidILL_BOOK</setSpec><setSpec>uge_aaca_RapidILL_BOOK</setSpec><setSpec>uge_abels_RapidILL_BOOK</setSpec><setSpec>uge_dbu_RapidILL_BOOK</setSpec><setSpec>uge_cmu_RapidILL_BOOK</setSpec><setSpec>uge_mail_RapidILL_BOOK</setSpec><setSpec>UNIGE_ALL</setSpec><setSpec>uge_abbat_RapidILL_BOOK</setSpec><setSpec>uge_acar_RapidILL_BOOK</setSpec><setSpec>uge_aobs_RapidILL_BOOK</setSpec></header><metadata>
<record xmlns="http://www.loc.gov/MARC21/slim" xmlns:xsi="http://www.w3.org/2001/XMLSchema-instance" xsi:schemaLocation="http://www.loc.gov/MARC21/slim http://www.loc.gov/standards/marcxml/schema/MARC21slim.xsd"><leader>01769nam a2200457 c 4500</leader><controlfield tag="001">991000044099705502</controlfield><controlfield tag="005">20230121193608.0</controlfield><controlfield tag="008">201011s1960    sp ||||| |||| 00| ||spa d</controlfield><datafield ind1=" " ind2=" " tag="035"><subfield code="a">(swissbib)211363596-41slsp_network</subfield></datafield><datafield ind1=" " ind2=" " tag="035"><subfield code="a">211363596</subfield><subfield code="9">ExL</subfield></datafield><datafield ind1=" " ind2=" " tag="035"><subfield code="a">(RERO)0316795-41slsp</subfield></datafield><datafield ind1=" " ind2=" " tag="035"><subfield code="a">(NEBIS)003115839EBI01</subfield></datafield><datafield ind1=" " ind2=" " tag="035"><subfield code="a">(OCoLC)466809583</subfield></datafield><datafield ind1=" " ind2=" " tag="035"><subfield code="a">(EXLNZ-41SLSP_NETWORK)991145284119705501</subfield></datafield><datafield ind1=" " ind2=" " tag="040"><subfield code="a">RERO</subfield><subfield code="d">CH-ZuSLS</subfield></datafield><datafield ind1=" " ind2="7" tag="072"><subfield code="a">es</subfield><subfield code="2">rero</subfield></datafield><datafield ind1="0" ind2="4" tag="082"><subfield code="a">860.8</subfield></datafield><datafield ind1="1" ind2=" " tag="100"><subfield code="a">Franco, Dolores</subfield><subfield code="6">880-01</subfield></datafield><datafield ind1="1" ind2=" " tag="880"><subfield code="6">100-01</subfield><subfield code="a">Franco, Dolores</subfield><subfield code="d">1912-1977</subfield><subfield code="0">(IDREF)074273272</subfield></datafield><datafield ind1="1" ind2="0" tag="245"><subfield code="a">España como preocupación</subfield><subfield code="b">antología</subfield><subfield code="c">Dolores Franco ; presentacíón de Azorín</subfield></datafield><datafield ind1=" " ind2=" " tag="250"><subfield code="a">2a ed.</subfield><subfield code="b">corr. y aum. por su autora</subfield></datafield><datafield ind1=" " ind2="1" tag="264"><subfield code="a">Madrid</subfield><subfield code="b">Guadarrama</subfield><subfield code="c">[1960]</subfield></datafield><datafield ind1=" " ind2="4" tag="264"><subfield code="c">© 1960</subfield></datafield><datafield ind1=" " ind2=" " tag="300"><subfield code="a">570 p.</subfield><subfield code="b">fig.</subfield><subfield code="c">19 cm</subfield></datafield><datafield ind1=" " ind2=" " tag="336"><subfield code="b">txt</subfield><subfield code="2">rdacontent</subfield></datafield><datafield ind1=" " ind2=" " tag="337"><subfield code="b">n</subfield><subfield code="2">rdamedia</subfield></datafield><datafield ind1=" " ind2=" " tag="338"><subfield code="b">nc</subfield><subfield code="2">rdacarrier</subfield></datafield><datafield ind1="1" ind2=" " tag="490"><subfield code="a">Colección Guadarrama de crítica y ensayo</subfield><subfield code="v">23</subfield></datafield><datafield ind1=" " ind2=" " tag="500"><subfield code="a">La 1ère éd. a paru sous le titre : La preocupación de España en su literatura (Madrid, Adan, 1944)</subfield></datafield><datafield ind1=" " ind2=" " tag="500"><subfield code="a">Die 1. Auflage ist erschienen u.d.T.: La preocupación de España en su literatura</subfield></datafield><datafield ind1=" " ind2="7" tag="650"><subfield code="a">Littérature espagnole</subfield><subfield code="0">(IDREF)027236897</subfield><subfield code="2">idref</subfield></datafield><datafield ind1=" " ind2="7" tag="650"><subfield code="a">17e siècle-20e siècle (1re moitié)</subfield><subfield code="0">(RERO)A024459763</subfield><subfield code="2">rero</subfield></datafield><datafield ind1=" " ind2="7" tag="650"><subfield code="a">Literatur</subfield><subfield code="0">(DE-588)4035964-5</subfield><subfield code="2">gnd</subfield></datafield><datafield ind1=" " ind2="7" tag="650"><subfield code="a">Spanienbild</subfield><subfield code="0">(DE-588)4139031-3</subfield><subfield code="2">gnd</subfield></datafield><datafield ind1=" " ind2="7" tag="650"><subfield code="a">Spanisch</subfield><subfield code="0">(DE-588)4077640-2</subfield><subfield code="2">gnd</subfield></datafield><datafield ind1=" " ind2="0" tag="650"><subfield code="a">Spanish literature</subfield></datafield><datafield ind1=" " ind2="7" tag="651"><subfield code="a">Espagne</subfield><subfield code="0">(IDREF)027224406</subfield><subfield code="2">idref</subfield></datafield><datafield ind1=" " ind2="0" tag="651"><subfield code="a">Spain</subfield><subfield code="x">In literature</subfield></datafield><datafield ind1=" " ind2="7" tag="655"><subfield code="a">Anthologies</subfield><subfield code="0">(IDREF)027269493</subfield><subfield code="2">idref</subfield></datafield><datafield ind1=" " ind2=" " tag="830"><subfield code="a">Colección Guadarrama de crítica y ensayo</subfield><subfield code="v">23</subfield><subfield code="w">(NEBIS)006208388EBI01</subfield></datafield><datafield ind1=" " ind2=" " tag="900"><subfield code="a">REROnoselfmerge</subfield></datafield><datafield ind1=" " ind2=" " tag="900"><subfield code="a">IDSZRMedeaZBZ</subfield><subfield code="b">IDSZRSWK</subfield></datafield><datafield ind1=" " ind2=" " tag="993"><subfield code="a">BFLA 202267</subfield><subfield code="x">ge/ules/a/fls 240</subfield><subfield code="9">LOCAL</subfield></datafield></record>
</metadata></record>