<record><header><identifier>oai:alma.41SLSP_UGE:991000019329705502</identifier><datestamp>2023-03-01T01:09:12Z</datestamp><setSpec>uge_cmu_RapidILL_JOURNAL</setSpec><setSpec>uge_aobs_RapidILL_JOURNAL</setSpec><setSpec>uge_aaca_RapidILL_JOURNAL</setSpec><setSpec>uge_abbat_RapidILL_JOURNAL</setSpec><setSpec>uge_bcen_RapidILL_JOURNAL</setSpec><setSpec>uge_dbu_RapidILL_JOURNAL</setSpec><setSpec>uge_mail_RapidILL_JOURNAL</setSpec><setSpec>UNIGE_ALL</setSpec><setSpec>uge_abels_RapidILL_JOURNAL</setSpec><setSpec>uge_acar_RapidILL_JOURNAL</setSpec></header><metadata>
<record xmlns="http://www.loc.gov/MARC21/slim" xmlns:xsi="http://www.w3.org/2001/XMLSchema-instance" xsi:schemaLocation="http://www.loc.gov/MARC21/slim http://www.loc.gov/standards/marcxml/schema/MARC21slim.xsd"><leader>01776nas a2200481 c 4500</leader><controlfield tag="001">991000019329705502</controlfield><controlfield tag="005">20230217224814.0</controlfield><controlfield tag="008">201012d19752000xxu|| p|  ||| 0    0eng d</controlfield><datafield ind1="7" ind2=" " tag="016"><subfield code="a">777555-6</subfield><subfield code="2">ZDB</subfield></datafield><datafield ind1=" " ind2=" " tag="022"><subfield code="a">0096-3291</subfield></datafield><datafield ind1=" " ind2=" " tag="022"><subfield code="l">0096-3291</subfield></datafield><datafield ind1=" " ind2=" " tag="035"><subfield code="a">(swissbib)237430118-41slsp_network</subfield></datafield><datafield ind1=" " ind2=" " tag="035"><subfield code="a">237430118</subfield><subfield code="9">ExL</subfield></datafield><datafield ind1=" " ind2=" " tag="035"><subfield code="a">(RERO)0835058-41slsp</subfield></datafield><datafield ind1=" " ind2=" " tag="035"><subfield code="a">(NEBIS)000986221EBI01</subfield></datafield><datafield ind1=" " ind2=" " tag="035"><subfield code="a">(EXLNZ-41SLSP_NETWORK)991087231629705501</subfield></datafield><datafield ind1=" " ind2=" " tag="040"><subfield code="a">RERO labcud</subfield><subfield code="d">CH-ZuSLS</subfield></datafield><datafield ind1=" " ind2="7" tag="072"><subfield code="a">sg</subfield><subfield code="2">rero</subfield></datafield><datafield ind1="1" ind2=" " tag="080"><subfield code="a">(031)=20</subfield></datafield><datafield ind1="0" ind2="0" tag="245"><subfield code="a">Yearbook of science and the future</subfield><subfield code="c">Encyclopaedia Britannica</subfield></datafield><datafield ind1="1" ind2=" " tag="246"><subfield code="a">Science and the future</subfield></datafield><datafield ind1=" " ind2="1" tag="264"><subfield code="a">Chicago</subfield><subfield code="a">Geneva [etc.]</subfield><subfield code="b">Encyclopaedia Britannica</subfield></datafield><datafield ind1=" " ind2=" " tag="300"><subfield code="a">Bände</subfield></datafield><datafield ind1=" " ind2=" " tag="310"><subfield code="a">Jährlich</subfield></datafield><datafield ind1=" " ind2=" " tag="336"><subfield code="b">txt</subfield><subfield code="2">rdacontent</subfield></datafield><datafield ind1=" " ind2=" " tag="337"><subfield code="b">n</subfield><subfield code="2">rdamedia</subfield></datafield><datafield ind1=" " ind2=" " tag="338"><subfield code="b">nc</subfield><subfield code="2">rdacarrier</subfield></datafield><datafield ind1="0" ind2=" " tag="362"><subfield code="a">Ed. 1975 - 2000.</subfield></datafield><datafield ind1=" " ind2=" " tag="500"><subfield code="a">Le dos porte: Science and the future ... Yearbook</subfield></datafield><datafield ind1=" " ind2=" " tag="580"><subfield code="a">Fait suite à : Britannica yearbook of science and the future</subfield></datafield><datafield ind1=" " ind2="7" tag="650"><subfield code="a">Sciences</subfield><subfield code="0">(IDREF)027248275</subfield><subfield code="2">idref</subfield></datafield><datafield ind1=" " ind2="7" tag="650"><subfield code="a">Naturwissenschaften</subfield><subfield code="2">idszbz</subfield></datafield><datafield ind1=" " ind2="7" tag="650"><subfield code="a">NATURWISSENSCHAFTEN UND MATHEMATIK</subfield><subfield code="9">ger</subfield><subfield code="0">(ETHUDK)000012370</subfield><subfield code="2">ethudk</subfield></datafield><datafield ind1=" " ind2="2" tag="655"><subfield code="a">Encyclopedia</subfield></datafield><datafield ind1=" " ind2="7" tag="655"><subfield code="a">Annuaires</subfield><subfield code="0">(IDREF)027437787</subfield><subfield code="2">idref</subfield></datafield><datafield ind1=" " ind2="7" tag="655"><subfield code="a">Zeitschrift</subfield><subfield code="2">gnd-content</subfield></datafield><datafield ind1=" " ind2="7" tag="655"><subfield code="a">Zeitschrift</subfield><subfield code="2">gnd-content</subfield><subfield code="2">idszbz</subfield></datafield><datafield ind1=" " ind2=" " tag="690"><subfield code="a">03</subfield><subfield code="d">Wörterbücher, Lexika, Nachschlagewerke, Enzyklopädien</subfield><subfield code="2">uzb-UK</subfield></datafield><datafield ind1=" " ind2=" " tag="690"><subfield code="a">058</subfield><subfield code="d">Jahrbücher, Adressbücher</subfield><subfield code="2">uzb-UK</subfield></datafield><datafield ind1="2" ind2=" " tag="710"><subfield code="a">Encyclopaedia Britannica, Inc.</subfield><subfield code="e">Herausgebendes Organ</subfield><subfield code="0">(DE-588)5545532-3</subfield><subfield code="4">isb</subfield></datafield><datafield ind1="2" ind2=" " tag="710"><subfield code="a">Encyclopaedia britannica inc</subfield><subfield code="0">(IDREF)026445956</subfield></datafield><datafield ind1="0" ind2="0" tag="780"><subfield code="t">Britannica yearbook of science and the future</subfield><subfield code="w">(NEBIS)000014806EBI01</subfield></datafield><datafield ind1=" " ind2=" " tag="900"><subfield code="a">REROnoselfmerge</subfield></datafield><datafield ind1=" " ind2=" " tag="900"><subfield code="a">NEBISnoselfmerge</subfield></datafield></record>
</metadata></record>