<record><header><identifier>oai:alma.41SLSP_UGE:991000043369705502</identifier><datestamp>2024-05-03T00:54:51Z</datestamp><setSpec>uge_bcen_RapidILL_BOOK</setSpec><setSpec>uge_aaca_RapidILL_BOOK</setSpec><setSpec>uge_abels_RapidILL_BOOK</setSpec><setSpec>uge_dbu_RapidILL_BOOK</setSpec><setSpec>uge_cmu_RapidILL_BOOK</setSpec><setSpec>uge_mail_RapidILL_BOOK</setSpec><setSpec>uge_abbat_RapidILL_BOOK</setSpec><setSpec>UNIGE_ALL</setSpec><setSpec>uge_acar_RapidILL_BOOK</setSpec><setSpec>uge_aobs_RapidILL_BOOK</setSpec></header><metadata>
<record xmlns="http://www.loc.gov/MARC21/slim" xmlns:xsi="http://www.w3.org/2001/XMLSchema-instance" xsi:schemaLocation="http://www.loc.gov/MARC21/slim http://www.loc.gov/standards/marcxml/schema/MARC21slim.xsd"><leader>01164nam a22002652c 4500</leader><controlfield tag="001">991000043369705502</controlfield><controlfield tag="005">20201126050314.0</controlfield><controlfield tag="008">090831m18601863be ||||| |||| 00| ||fre d</controlfield><datafield ind1=" " ind2=" " tag="035"><subfield code="a">(swissbib)108367258-41slsp_network</subfield></datafield><datafield ind1=" " ind2=" " tag="035"><subfield code="a">108367258</subfield><subfield code="9">ExL</subfield></datafield><datafield ind1=" " ind2=" " tag="035"><subfield code="a">(RERO)R005158136-41slsp</subfield></datafield><datafield ind1=" " ind2=" " tag="035"><subfield code="a">(EXLNZ-41SLSP_NETWORK)991093323709705501</subfield></datafield><datafield ind1=" " ind2=" " tag="040"><subfield code="a">FRBNF</subfield><subfield code="d">CH-ZuSLS</subfield></datafield><datafield ind1=" " ind2="7" tag="072"><subfield code="a">ht</subfield><subfield code="2">rero</subfield></datafield><datafield ind1="1" ind2=" " tag="100"><subfield code="a">Mendoza, Bernardino de</subfield><subfield code="d">1540?-1604?</subfield><subfield code="0">(IDREF)073337757</subfield><subfield code="4">cre</subfield></datafield><datafield ind1="1" ind2="0" tag="245"><subfield code="a">Commentaires de Bernardino de Mendoça sur les événements de la guerre des Pays-Bas, 1567-1577</subfield><subfield code="c">traduction nouvelle par Loumier, avec notice et annotations par le colonel Guillaume.</subfield></datafield><datafield ind1=" " ind2="1" tag="264"><subfield code="a">Bruxelles</subfield><subfield code="b">Société de l'histoire de Belgique</subfield><subfield code="c">1860-1863</subfield></datafield><datafield ind1=" " ind2=" " tag="300"><subfield code="a">2 vol.</subfield><subfield code="c">in-8°</subfield></datafield><datafield ind1=" " ind2=" " tag="336"><subfield code="b">txt</subfield><subfield code="2">rdacontent</subfield></datafield><datafield ind1=" " ind2=" " tag="337"><subfield code="b">n</subfield><subfield code="2">rdamedia</subfield></datafield><datafield ind1=" " ind2=" " tag="338"><subfield code="b">nc</subfield><subfield code="2">rdacarrier</subfield></datafield><datafield ind1="1" ind2=" " tag="490"><subfield code="a">Collection de mémoires relatifs à l'histoire de Belgique. XVIe siècle</subfield><subfield code="v">8, 17</subfield></datafield><datafield ind1="1" ind2=" " tag="700"><subfield code="a">Guillaume, Henri-Louis-Gustave</subfield><subfield code="c">baron</subfield><subfield code="d">1812-1877</subfield><subfield code="0">(IDREF)057569738</subfield></datafield><datafield ind1="1" ind2=" " tag="700"><subfield code="a">Loumyer, Jean-François-Nicolas</subfield><subfield code="d">1801-1875</subfield><subfield code="0">(RERO)A016702099</subfield></datafield><datafield ind1=" " ind2=" " tag="830"><subfield code="a">Collection de mémoires relatifs à l'histoire de Belgique</subfield><subfield code="v">8,17</subfield><subfield code="w">(RERO)0957566-41slsp</subfield></datafield><datafield ind1=" " ind2=" " tag="900"><subfield code="a">REROnoselfmerge</subfield></datafield><datafield ind1=" " ind2=" " tag="993"><subfield code="a">MHR Qa 19/8</subfield><subfield code="x">ge/mhr-/1285</subfield><subfield code="9">LOCAL</subfield></datafield></record>
</metadata></record>