<record><header><identifier>oai:alma.41SLSP_UGE:991000043889705502</identifier><datestamp>2024-05-18T01:57:40Z</datestamp><setSpec>uge_bcen_RapidILL_BOOK</setSpec><setSpec>uge_aaca_RapidILL_BOOK</setSpec><setSpec>uge_abels_RapidILL_BOOK</setSpec><setSpec>uge_dbu_RapidILL_BOOK</setSpec><setSpec>uge_cmu_RapidILL_BOOK</setSpec><setSpec>uge_mail_RapidILL_BOOK</setSpec><setSpec>uge_abbat_RapidILL_BOOK</setSpec><setSpec>UNIGE_ALL</setSpec><setSpec>uge_aobs_RapidILL_BOOK</setSpec><setSpec>uge_acar_RapidILL_BOOK</setSpec></header><metadata>
<record xmlns="http://www.loc.gov/MARC21/slim" xmlns:xsi="http://www.w3.org/2001/XMLSchema-instance" xsi:schemaLocation="http://www.loc.gov/MARC21/slim http://www.loc.gov/standards/marcxml/schema/MARC21slim.xsd"><leader>02327nam a2200529 c 4500</leader><controlfield tag="001">991000043889705502</controlfield><controlfield tag="005">20230504065907.0</controlfield><controlfield tag="008">201011s1962    au ||||| |||| 00| ||ger d</controlfield><datafield ind1=" " ind2=" " tag="035"><subfield code="a">(swissbib)222337338-41slsp_network</subfield></datafield><datafield ind1=" " ind2=" " tag="035"><subfield code="a">222337338</subfield><subfield code="9">ExL</subfield></datafield><datafield ind1=" " ind2=" " tag="035"><subfield code="a">(RERO)0039086-41slsp</subfield></datafield><datafield ind1=" " ind2=" " tag="035"><subfield code="a">(IDSBB)001261274DSV01</subfield></datafield><datafield ind1=" " ind2=" " tag="035"><subfield code="a">(NEBIS)000171292EBI01</subfield></datafield><datafield ind1=" " ind2=" " tag="035"><subfield code="a">(IDSLU)000023161ILU01</subfield></datafield><datafield ind1=" " ind2=" " tag="035"><subfield code="a">(EXLNZ-41SLSP_NETWORK)991061644529705501</subfield></datafield><datafield ind1=" " ind2=" " tag="040"><subfield code="a">RERO</subfield><subfield code="d">CH-ZuSLS</subfield></datafield><datafield ind1=" " ind2=" " tag="044"><subfield code="a">au</subfield><subfield code="a">gw</subfield></datafield><datafield ind1=" " ind2="7" tag="072"><subfield code="a">ba</subfield><subfield code="2">rero</subfield></datafield><datafield ind1=" " ind2="7" tag="072"><subfield code="a">kh</subfield><subfield code="2">SzZuIDS BS/BE</subfield></datafield><datafield ind1=" " ind2="7" tag="072"><subfield code="a">460</subfield><subfield code="2">IDS LU</subfield></datafield><datafield ind1="1" ind2=" " tag="100"><subfield code="6">880-01</subfield><subfield code="a">Frodl-Kraft, Eva</subfield><subfield code="d">1916-2011</subfield><subfield code="0">(DE-588)121036855</subfield></datafield><datafield ind1="1" ind2=" " tag="880"><subfield code="6">100-01</subfield><subfield code="a">Frodl-Kraft, Eva</subfield><subfield code="d">1916-2011</subfield><subfield code="0">(IDREF)119213745</subfield><subfield code="4">cre</subfield></datafield><datafield ind1="1" ind2="0" tag="245"><subfield code="a">&lt;&lt;Die&gt;&gt; Mittelalterlichen Glasgemaelde in Wien</subfield><subfield code="c">Hrsg. vom Institut fuer Oesterreichische Kunstforschung des Bundesdenkmalamtes</subfield></datafield><datafield ind1=" " ind2="1" tag="264"><subfield code="a">Graz</subfield><subfield code="a">Wien [etc.]</subfield><subfield code="b">Verlag H. Boehlaus Nachf.</subfield><subfield code="c">1962</subfield></datafield><datafield ind1=" " ind2=" " tag="300"><subfield code="a">XXXVI, 156 p.</subfield><subfield code="b">ill.</subfield><subfield code="c">32 cm</subfield></datafield><datafield ind1=" " ind2=" " tag="336"><subfield code="b">txt</subfield><subfield code="2">rdacontent</subfield></datafield><datafield ind1=" " ind2=" " tag="337"><subfield code="b">n</subfield><subfield code="2">rdamedia</subfield></datafield><datafield ind1=" " ind2=" " tag="338"><subfield code="b">nc</subfield><subfield code="2">rdacarrier</subfield></datafield><datafield ind1="1" ind2=" " tag="490"><subfield code="a">Corpus vitrearum medii aevi. Oesterreich</subfield><subfield code="v">1</subfield></datafield><datafield ind1=" " ind2=" " tag="504"><subfield code="a">Bibliogr</subfield></datafield><datafield ind1=" " ind2="7" tag="650"><subfield code="a">Vitraux</subfield><subfield code="0">(IDREF)027255964</subfield><subfield code="2">idref</subfield></datafield><datafield ind1=" " ind2="7" tag="650"><subfield code="a">Moyen âge</subfield><subfield code="0">(IDREF)027329917</subfield><subfield code="2">idref</subfield></datafield><datafield ind1=" " ind2="7" tag="650"><subfield code="a">GLASMALEREI</subfield><subfield code="9">ger</subfield><subfield code="0">(ETHUDK)000035824</subfield><subfield code="2">ethudk</subfield></datafield><datafield ind1=" " ind2="7" tag="650"><subfield code="a">MITTELALTERLICHE KUNST</subfield><subfield code="9">ger</subfield><subfield code="0">(ETHUDK)000035265</subfield><subfield code="2">ethudk</subfield></datafield><datafield ind1=" " ind2="7" tag="650"><subfield code="a">WIEN, BUNDESLAND, BEZIRK UND STADT (ÖSTERREICH)</subfield><subfield code="9">ger</subfield><subfield code="0">(ETHUDK)000002909</subfield><subfield code="2">ethudk</subfield></datafield><datafield ind1=" " ind2="7" tag="651"><subfield code="a">Vienne (Autriche)</subfield><subfield code="0">(IDREF)027350843</subfield><subfield code="2">idref</subfield></datafield><datafield ind1=" " ind2=" " tag="690"><subfield code="a">Wien / Kunst / Malerei</subfield><subfield code="2">uzb-Z9</subfield></datafield><datafield ind1=" " ind2=" " tag="690"><subfield code="a">Wien. Stephansdom. Glasmalerei</subfield><subfield code="2">uzb-US</subfield></datafield><datafield ind1=" " ind2=" " tag="690"><subfield code="a">Wien. Glasmalerei</subfield><subfield code="2">uzb-US</subfield></datafield><datafield ind1=" " ind2=" " tag="690"><subfield code="a">Glasmalerei. Oesterreich: Wien. Geschichte. M.A.</subfield><subfield code="2">rzs-L1</subfield></datafield><datafield ind1=" " ind2=" " tag="690"><subfield code="a">Wien, Glasmalereien. Geschichte. M.A.</subfield><subfield code="2">rzs-L1</subfield></datafield><datafield ind1="2" ind2=" " tag="710"><subfield code="a">Institut für Österreichische Kunstforschung</subfield><subfield code="0">(DE-588)39719-2</subfield></datafield><datafield ind1="2" ind2=" " tag="710"><subfield code="a">Institut für österreichische Kunstforschung</subfield><subfield code="g">Autriche</subfield><subfield code="g">....-1984</subfield><subfield code="0">(IDREF)029885701</subfield></datafield><datafield ind1=" " ind2="0" tag="830"><subfield code="a">Corpus vitrearum medii aevi</subfield><subfield code="p">Österreich</subfield><subfield code="v">1</subfield><subfield code="w">(NEBIS)000902706EBI01</subfield></datafield><datafield ind1=" " ind2="0" tag="830"><subfield code="a">Corpus Vitrearum Medii Aevi</subfield><subfield code="p">Oesterreich.</subfield><subfield code="v">1</subfield><subfield code="w">(RERO)0039077-41slsp</subfield></datafield><datafield ind1=" " ind2="0" tag="830"><subfield code="a">Corpus vitrearum medii aevi</subfield><subfield code="p">Österreich</subfield><subfield code="v">1</subfield><subfield code="w">(IDSBB)001261264DSV01</subfield></datafield><datafield ind1=" " ind2="0" tag="830"><subfield code="a">Corpus vitrearum medii aevi. Oesterreich</subfield><subfield code="v">1</subfield><subfield code="w">(IDSLU)000130911ILU01</subfield></datafield><datafield ind1=" " ind2=" " tag="900"><subfield code="a">REROnoselfmerge</subfield></datafield><datafield ind1=" " ind2=" " tag="993"><subfield code="a">BFLB 150</subfield><subfield code="x">ge/ulha/a/83/0247</subfield><subfield code="9">LOCAL</subfield></datafield></record>
</metadata></record>