<record><header><identifier>oai:alma.41SLSP_UGE:991000043269705502</identifier><datestamp>2023-07-31T00:18:56Z</datestamp><setSpec>uge_bcen_RapidILL_BOOK</setSpec><setSpec>uge_aaca_RapidILL_BOOK</setSpec><setSpec>uge_abels_RapidILL_BOOK</setSpec><setSpec>uge_dbu_RapidILL_BOOK</setSpec><setSpec>uge_cmu_RapidILL_BOOK</setSpec><setSpec>uge_mail_RapidILL_BOOK</setSpec><setSpec>uge_abbat_RapidILL_BOOK</setSpec><setSpec>UNIGE_ALL</setSpec><setSpec>uge_acar_RapidILL_BOOK</setSpec><setSpec>uge_aobs_RapidILL_BOOK</setSpec></header><metadata>
<record xmlns="http://www.loc.gov/MARC21/slim" xmlns:xsi="http://www.w3.org/2001/XMLSchema-instance" xsi:schemaLocation="http://www.loc.gov/MARC21/slim http://www.loc.gov/standards/marcxml/schema/MARC21slim.xsd"><leader>04024nam a2200337 c 4500</leader><controlfield tag="001">991000043269705502</controlfield><controlfield tag="005">20210206202657.0</controlfield><controlfield tag="008">940719m19101911ru ||||| |||| 00| ||rus d</controlfield><datafield ind1=" " ind2=" " tag="035"><subfield code="a">(swissbib)088976025-41slsp_network</subfield></datafield><datafield ind1=" " ind2=" " tag="035"><subfield code="a">088976025</subfield><subfield code="9">ExL</subfield></datafield><datafield ind1=" " ind2=" " tag="035"><subfield code="a">(RERO)1884377-41slsp</subfield></datafield><datafield ind1=" " ind2=" " tag="035"><subfield code="a">(EXLNZ-41SLSP_NETWORK)991034833729705501</subfield></datafield><datafield ind1=" " ind2=" " tag="040"><subfield code="a">RERO geulru</subfield><subfield code="d">CH-ZuSLS</subfield></datafield><datafield ind1=" " ind2="7" tag="072"><subfield code="a">ru</subfield><subfield code="2">rero</subfield></datafield><datafield ind1="1" ind2=" " tag="100"><subfield code="6">880-01</subfield><subfield code="a">Belinskij, Vissarion Grigor'evic̆</subfield><subfield code="d">1811-1848</subfield><subfield code="0">(IDREF)026715503</subfield><subfield code="4">cre</subfield></datafield><datafield ind1="1" ind2=" " tag="880"><subfield code="6">100-01/(N</subfield><subfield code="a">Белинский, Виссарион Григорьевич</subfield></datafield><datafield ind1="1" ind2="0" tag="245"><subfield code="6">880-02</subfield><subfield code="a">Sochinenii︠a︡</subfield><subfield code="c">V. G. Bi︠e︡linskago ; vʺ chetyrekhʺ tomakhʺ ; sʺ portretomʺ i sobraniemʺ pisemʺ avtora, gravi︠u︡roĭ sʺ kartiny Naumova i stateĭ A. M. Skabichevskago</subfield></datafield><datafield ind1="1" ind2="0" tag="880"><subfield code="6">245-02/(N</subfield><subfield code="a">Сочинения</subfield><subfield code="c">В. Г. Бѣлинскаго ; въ четырехъ томахъ ; съ портретомъ и собраниемъ писемъ автора, гравюрой съ картины Наумова и статей А. М. Скабичевскаго</subfield></datafield><datafield ind1="1" ind2=" " tag="246"><subfield code="a">Sočinenija / V. G. Bělinskago ; vʺ četyrech tomach ; sʺ portretomʺ i sobraniemʺ pisemʺ avtora, gravjuroj sʺ kartiny Naumova i statej A. M. Skabičevskago</subfield></datafield><datafield ind1=" " ind2=" " tag="250"><subfield code="6">880-03</subfield><subfield code="a">4-oe peresmotrennoe izd.</subfield><subfield code="b">F. Pavlenkova sʺ priloženiemʺ ukazatelja</subfield></datafield><datafield ind1=" " ind2=" " tag="880"><subfield code="6">250-03/(N</subfield><subfield code="a">4-ое пересмотренное изд.</subfield><subfield code="b">Ф. Павленкова съ приложениемъ указателя</subfield></datafield><datafield ind1=" " ind2="1" tag="264"><subfield code="6">880-04</subfield><subfield code="a">S.-Peterburgʺ</subfield><subfield code="b">[éditeur non identifié]</subfield><subfield code="c">1910-1911 (S.-Peterburgʺ</subfield><subfield code="b">Šmidtʺ</subfield><subfield code="b">M. A. Aleksandrovʺ)</subfield></datafield><datafield ind1=" " ind2="1" tag="880"><subfield code="6">264-04/(N</subfield><subfield code="a">С.-Петербургъ</subfield><subfield code="b">[éditeur non identifié]</subfield><subfield code="c">1910-1911 (С.-Петербургъ</subfield><subfield code="b">Шмидтъ</subfield><subfield code="b">М. А. Александровъ)</subfield></datafield><datafield ind1=" " ind2=" " tag="300"><subfield code="a">4 t. en 2 vol.</subfield><subfield code="b">ill.</subfield><subfield code="c">27 cm</subfield></datafield><datafield ind1=" " ind2=" " tag="336"><subfield code="b">txt</subfield><subfield code="2">rdacontent</subfield></datafield><datafield ind1=" " ind2=" " tag="337"><subfield code="b">n</subfield><subfield code="2">rdamedia</subfield></datafield><datafield ind1=" " ind2=" " tag="338"><subfield code="b">nc</subfield><subfield code="2">rdacarrier</subfield></datafield><datafield ind1="1" ind2=" " tag="700"><subfield code="6">880-05</subfield><subfield code="a">Pavlenkov, Florentij Fedorovič</subfield><subfield code="d">1839-1900</subfield><subfield code="0">(IDREF)129637076</subfield></datafield><datafield ind1="1" ind2=" " tag="880"><subfield code="6">700-05/(N</subfield><subfield code="a">Павленков, Ф</subfield></datafield><datafield ind1="1" ind2=" " tag="700"><subfield code="6">880-06</subfield><subfield code="a">Skabičevskij, Aleksandr Mihajlovič</subfield><subfield code="d">1838-1910</subfield><subfield code="0">(IDREF)074284118</subfield></datafield><datafield ind1="1" ind2=" " tag="880"><subfield code="6">700-06/(N</subfield><subfield code="a">Скабичевский, Александр Михайлович</subfield></datafield><datafield ind1=" " ind2=" " tag="900"><subfield code="a">REROnoselfmerge</subfield></datafield></record>
</metadata></record>