<record><header><identifier>oai:alma.41SLSP_UGE:991000043999705502</identifier><datestamp>2023-03-01T01:09:12Z</datestamp><setSpec>uge_bcen_RapidILL_BOOK</setSpec><setSpec>uge_aaca_RapidILL_BOOK</setSpec><setSpec>uge_abels_RapidILL_BOOK</setSpec><setSpec>uge_dbu_RapidILL_BOOK</setSpec><setSpec>uge_cmu_RapidILL_BOOK</setSpec><setSpec>uge_mail_RapidILL_BOOK</setSpec><setSpec>UNIGE_ALL</setSpec><setSpec>uge_abbat_RapidILL_BOOK</setSpec><setSpec>uge_aobs_RapidILL_BOOK</setSpec><setSpec>uge_acar_RapidILL_BOOK</setSpec></header><metadata>
<record xmlns="http://www.loc.gov/MARC21/slim" xmlns:xsi="http://www.w3.org/2001/XMLSchema-instance" xsi:schemaLocation="http://www.loc.gov/MARC21/slim http://www.loc.gov/standards/marcxml/schema/MARC21slim.xsd"><leader>00803nam a2200265 c 4500</leader><controlfield tag="001">991000043999705502</controlfield><controlfield tag="005">20201227135236.0</controlfield><controlfield tag="008">971111s1995    ch ||||| |||| 00| ||chi d</controlfield><datafield ind1=" " ind2=" " tag="020"><subfield code="a">9576682851</subfield></datafield><datafield ind1=" " ind2=" " tag="035"><subfield code="a">(swissbib)09265438X-41slsp_network</subfield></datafield><datafield ind1=" " ind2=" " tag="035"><subfield code="a">09265438X</subfield><subfield code="9">ExL</subfield></datafield><datafield ind1=" " ind2=" " tag="035"><subfield code="a">(RERO)R221397060-41slsp</subfield></datafield><datafield ind1=" " ind2=" " tag="035"><subfield code="a">(EXLNZ-41SLSP_NETWORK)991068418659705501</subfield></datafield><datafield ind1=" " ind2=" " tag="040"><subfield code="a">RERO geulch</subfield><subfield code="d">CH-ZuSLS</subfield></datafield><datafield ind1=" " ind2="7" tag="072"><subfield code="a">or</subfield><subfield code="2">rero</subfield></datafield><datafield ind1="0" ind2=" " tag="100"><subfield code="a">Huineng</subfield><subfield code="d">638-713</subfield><subfield code="0">(RERO)A000082119</subfield><subfield code="4">cre</subfield></datafield><datafield ind1="1" ind2="0" tag="245"><subfield code="a">Tanjing jiaoshi</subfield><subfield code="c">Huineng zhu ; Guoming jiaoshi</subfield></datafield><datafield ind1=" " ind2="1" tag="264"><subfield code="a">Taibei</subfield><subfield code="b">Wenjin</subfield><subfield code="c">1995</subfield></datafield><datafield ind1=" " ind2=" " tag="300"><subfield code="a">158 p.</subfield><subfield code="c">21 cm</subfield></datafield><datafield ind1=" " ind2=" " tag="336"><subfield code="b">txt</subfield><subfield code="2">rdacontent</subfield></datafield><datafield ind1=" " ind2=" " tag="337"><subfield code="b">n</subfield><subfield code="2">rdamedia</subfield></datafield><datafield ind1=" " ind2=" " tag="338"><subfield code="b">nc</subfield><subfield code="2">rdacarrier</subfield></datafield><datafield ind1="1" ind2=" " tag="490"><subfield code="a">Wenjin fodian xuankan</subfield></datafield><datafield ind1="0" ind2=" " tag="700"><subfield code="a">Guoming</subfield><subfield code="0">(RERO)A003331897</subfield></datafield><datafield ind1=" " ind2=" " tag="830"><subfield code="a">Wenjin fodian xuankan</subfield><subfield code="w">(RERO)R221975360-41slsp</subfield></datafield><datafield ind1=" " ind2=" " tag="900"><subfield code="a">REROnoselfmerge</subfield></datafield></record>
</metadata></record>