<record><header><identifier>oai:alma.41SLSP_UGE:991000043779705502</identifier><datestamp>2023-11-25T02:00:48Z</datestamp><setSpec>uge_bcen_RapidILL_BOOK</setSpec><setSpec>uge_aaca_RapidILL_BOOK</setSpec><setSpec>uge_abels_RapidILL_BOOK</setSpec><setSpec>uge_dbu_RapidILL_BOOK</setSpec><setSpec>uge_cmu_RapidILL_BOOK</setSpec><setSpec>uge_mail_RapidILL_BOOK</setSpec><setSpec>uge_abbat_RapidILL_BOOK</setSpec><setSpec>UNIGE_ALL</setSpec><setSpec>uge_acar_RapidILL_BOOK</setSpec><setSpec>uge_aobs_RapidILL_BOOK</setSpec></header><metadata>
<record xmlns="http://www.loc.gov/MARC21/slim" xmlns:xsi="http://www.w3.org/2001/XMLSchema-instance" xsi:schemaLocation="http://www.loc.gov/MARC21/slim http://www.loc.gov/standards/marcxml/schema/MARC21slim.xsd"><leader>05216nam a2200805 c 4500</leader><controlfield tag="001">991000043779705502</controlfield><controlfield tag="005">20230629190626.0</controlfield><controlfield tag="008">201011s2014    sz ||||| |||| 00| ||fre d</controlfield><datafield ind1=" " ind2=" " tag="020"><subfield code="a">9783725585151</subfield><subfield code="c">CHF 80.-</subfield></datafield><datafield ind1=" " ind2=" " tag="035"><subfield code="a">(swissbib)217487319-41slsp_network</subfield></datafield><datafield ind1=" " ind2=" " tag="035"><subfield code="a">217487319</subfield><subfield code="9">ExL</subfield></datafield><datafield ind1=" " ind2=" " tag="035"><subfield code="a">(RERO)R007932900-41slsp</subfield></datafield><datafield ind1=" " ind2=" " tag="035"><subfield code="a">(IDSSG)000681538HSB01</subfield></datafield><datafield ind1=" " ind2=" " tag="035"><subfield code="a">(IDSBB)006324346DSV01</subfield></datafield><datafield ind1=" " ind2=" " tag="035"><subfield code="a">(NEBIS)010279253EBI01</subfield></datafield><datafield ind1=" " ind2=" " tag="035"><subfield code="a">(IDSLU)001176952ILU01</subfield></datafield><datafield ind1=" " ind2=" " tag="035"><subfield code="a">(ALEX)bv9925818999201791</subfield></datafield><datafield ind1=" " ind2=" " tag="035"><subfield code="a">(EXLNZ-41SLSP_NETWORK)991062546479705501</subfield></datafield><datafield ind1=" " ind2=" " tag="040"><subfield code="a">RERO geubfd</subfield><subfield code="d">CH-ZuSLS</subfield></datafield><datafield ind1=" " ind2=" " tag="044"><subfield code="a">sz</subfield><subfield code="c">ch-ge</subfield></datafield><datafield ind1=" " ind2="7" tag="072"><subfield code="a">dr</subfield><subfield code="2">rero</subfield></datafield><datafield ind1=" " ind2="7" tag="072"><subfield code="a">rw</subfield><subfield code="2">SzZuIDS BS/BE</subfield></datafield><datafield ind1=" " ind2="7" tag="072"><subfield code="a">813</subfield><subfield code="2">IDS LU</subfield></datafield><datafield ind1="1" ind2="4" tag="082"><subfield code="a">340</subfield><subfield code="2">15</subfield></datafield><datafield ind1=" " ind2=" " tag="084"><subfield code="a">A 29.1 h</subfield><subfield code="2">cjurrom</subfield></datafield><datafield ind1=" " ind2=" " tag="084"><subfield code="a">A 13 g</subfield><subfield code="2">cjurrom</subfield></datafield><datafield ind1=" " ind2=" " tag="084"><subfield code="a">A 13 h</subfield><subfield code="2">cjurrom</subfield></datafield><datafield ind1="1" ind2=" " tag="100"><subfield code="a">Granges, Mathieu</subfield><subfield code="0">(IDREF)184477891</subfield><subfield code="4">cre</subfield></datafield><datafield ind1="1" ind2="0" tag="245"><subfield code="a">&lt;&lt;Les&gt;&gt; intérêts moratoires en arbitrage international</subfield><subfield code="c">Mathieu Granges</subfield></datafield><datafield ind1=" " ind2="1" tag="264"><subfield code="a">Genève</subfield><subfield code="b">Schulthess éd. romandes</subfield><subfield code="c">2014</subfield></datafield><datafield ind1=" " ind2=" " tag="300"><subfield code="a">343 p.</subfield><subfield code="c">23 cm</subfield></datafield><datafield ind1=" " ind2=" " tag="336"><subfield code="b">txt</subfield><subfield code="2">rdacontent</subfield></datafield><datafield ind1=" " ind2=" " tag="337"><subfield code="b">n</subfield><subfield code="2">rdamedia</subfield></datafield><datafield ind1=" " ind2=" " tag="338"><subfield code="b">nc</subfield><subfield code="2">rdacarrier</subfield></datafield><datafield ind1="1" ind2=" " tag="490"><subfield code="a">Collection genevoise. Droit international</subfield></datafield><datafield ind1=" " ind2=" " tag="500"><subfield code="a">Ed. commerciale de la thèse de Genève no 873, 2013</subfield></datafield><datafield ind1=" " ind2=" " tag="502"><subfield code="a">Thèse Univ. de Genève, 2014</subfield></datafield><datafield ind1=" " ind2=" " tag="504"><subfield code="a">Bibliogr.</subfield></datafield><datafield ind1=" " ind2=" " tag="504"><subfield code="a">Index.</subfield></datafield><datafield ind1=" " ind2="7" tag="650"><subfield code="a">Mise en demeure</subfield><subfield code="0">(IDREF)028396243</subfield><subfield code="2">idref</subfield></datafield><datafield ind1=" " ind2="7" tag="650"><subfield code="a">Dommages-intérêts</subfield><subfield code="0">(IDREF)050616196</subfield><subfield code="2">idref</subfield></datafield><datafield ind1=" " ind2="7" tag="650"><subfield code="a">Arbitrage commercial international</subfield><subfield code="0">(IDREF)027689123</subfield><subfield code="2">idref</subfield></datafield><datafield ind1=" " ind2="7" tag="650"><subfield code="a">internationale Schiedsgerichtsbarkeit</subfield><subfield code="9">ger</subfield><subfield code="0">(RERO)jurivoc000050724ger</subfield><subfield code="2">jurivoc</subfield></datafield><datafield ind1=" " ind2="7" tag="650"><subfield code="a">Verzugszins</subfield><subfield code="9">ger</subfield><subfield code="0">(RERO)jurivoc000025473ger</subfield><subfield code="2">jurivoc</subfield></datafield><datafield ind1=" " ind2="7" tag="650"><subfield code="a">Qualifikation(IPR)</subfield><subfield code="9">ger</subfield><subfield code="0">(RERO)jurivoc000018007ger</subfield><subfield code="2">jurivoc</subfield></datafield><datafield ind1=" " ind2="7" tag="650"><subfield code="a">Schiedsentscheid</subfield><subfield code="9">ger</subfield><subfield code="0">(RERO)jurivoc000019506ger</subfield><subfield code="2">jurivoc</subfield></datafield><datafield ind1=" " ind2="7" tag="650"><subfield code="a">Rechtsvergleichung</subfield><subfield code="9">ger</subfield><subfield code="0">(RERO)jurivoc000018481ger</subfield><subfield code="2">jurivoc</subfield></datafield><datafield ind1=" " ind2="7" tag="650"><subfield code="a">Islamisches Recht</subfield><subfield code="9">ger</subfield><subfield code="0">(RERO)jurivoc000012115ger</subfield><subfield code="2">jurivoc</subfield></datafield><datafield ind1=" " ind2="7" tag="650"><subfield code="a">Internationale Schiedsgerichtsbarkeit</subfield><subfield code="0">(DE-588)4162055-0</subfield><subfield code="2">gnd</subfield></datafield><datafield ind1=" " ind2="7" tag="650"><subfield code="a">ARBITRAGE INTERNATIONAL (DROIT INTERNATIONAL)</subfield><subfield code="9">fre</subfield><subfield code="0">(ETHUDK)000011070</subfield><subfield code="2">ethudk</subfield></datafield><datafield ind1=" " ind2="7" tag="650"><subfield code="a">Internationale Handelsschiedsgerichtsbarkeit</subfield><subfield code="0">(DE-588)4132605-2</subfield><subfield code="2">gnd</subfield></datafield><datafield ind1=" " ind2="7" tag="650"><subfield code="a">Verzugszins</subfield><subfield code="0">(DE-588)4368393-9</subfield><subfield code="2">gnd</subfield></datafield><datafield ind1=" " ind2="7" tag="651"><subfield code="a">Schweiz</subfield><subfield code="9">ger</subfield><subfield code="0">(RERO)jurivoc000019912ger</subfield><subfield code="2">jurivoc</subfield></datafield><datafield ind1=" " ind2="7" tag="651"><subfield code="a">Deutschland</subfield><subfield code="9">ger</subfield><subfield code="0">(RERO)jurivoc000005510ger</subfield><subfield code="2">jurivoc</subfield></datafield><datafield ind1=" " ind2="7" tag="651"><subfield code="a">Frankreich</subfield><subfield code="9">ger</subfield><subfield code="0">(RERO)jurivoc000008683ger</subfield><subfield code="2">jurivoc</subfield></datafield><datafield ind1=" " ind2="7" tag="651"><subfield code="a">Vereinigtes Königreich</subfield><subfield code="9">ger</subfield><subfield code="0">(RERO)jurivoc000024332ger</subfield><subfield code="2">jurivoc</subfield></datafield><datafield ind1=" " ind2="7" tag="651"><subfield code="a">England(Vereinigtes Königreich)</subfield><subfield code="9">ger</subfield><subfield code="0">(RERO)jurivoc000006884ger</subfield><subfield code="2">jurivoc</subfield></datafield><datafield ind1=" " ind2="7" tag="655"><subfield code="a">Thèses et écrits académiques</subfield><subfield code="0">(IDREF)027253139</subfield><subfield code="2">idref</subfield></datafield><datafield ind1=" " ind2="7" tag="655"><subfield code="a">Hochschulschrift</subfield><subfield code="2">gnd-content</subfield></datafield><datafield ind1=" " ind2=" " tag="690"><subfield code="a">Zins; Qualifikation; Gesetzbuch; Regel; Wahl; Kaufvertrag; Berechnung; Ausbeulung; Fähigkeit; Verfahrensrecht; internationale Schiedsgerichtsbarkeit; Verbot; Konflikt; Verurteilung; Bewertung; Bestellung; Klausel; Normung; Prinzip; Theorie; Zahlungsunfähigkeit; Zoll; Staat; Währung; Zinsverbot</subfield><subfield code="2">idssg-J</subfield></datafield><datafield ind1=" " ind2=" " tag="690"><subfield code="a">Verzugszins; Konfliktfähigkeit; Konfliktsituation; Direktwahl; Doppelqualifikation; Grundregel; Verfahrensqualifikation; Vertragsklausel; Schiedsordnung; Zielverbindung; Zinsberechnung; Anordnungsstaat; Drittstaat; Erfüllungsort; Posturteil; Rechtsstaatlichkeit; Unterscheide; Verfahrensvorschrift; Wohnsitz; Zivilgesetzbuch; Zwischenfazit</subfield><subfield code="2">idssg-J</subfield></datafield><datafield ind1=" " ind2=" " tag="690"><subfield code="a">grenzüberschreitende Ordnung; internationale Ordnung; positive Qualifikation; allgemeiner Grundsatz; allgemeine Theorie; autonome Methode; autonomes Verfahren; bestimmender Faktor; bestimmte Summe; direkte Auswahl; einheitliche Rechts#staatlichkeit; einleitende Bemerkung; geltendes Gesetz; gesetzliche Bestimmung; gewählter Faktor; indirekte Wahl; international Schieds; internationale Handelsschiedsgerichtsbarkeit; internationales Privatrecht; internationale Ware; mögliche Lösung; negative Qualifikation; positive Qualifikation; spezifischer Zoll; subjektive Zugehörigkeit; unterschiedliche Qualifikation; verschiedene Art; verschiedene Qualifikation; wesentliche Frage; wichtiges Ergebnis; öffentliche Ordnung</subfield><subfield code="2">idssg-J</subfield></datafield><datafield ind1=" " ind2=" " tag="690"><subfield code="a">Schweiz C4EXSI; Frankreich C4EUFR</subfield><subfield code="2">idssg-J</subfield></datafield><datafield ind1=" " ind2=" " tag="690"><subfield code="a">B. IUMiU; IBCsliiil Schulthess; Kaufvertrag Internationale Waren; Qualifikation Internationales Privatrecht; Qualifikation Verfahrens Interessen Regulierung; Romandes Remerciements; Schiedsgerichtsbarkeit Mathieu Granges Verzugszinsen; Zins Mixed Qualifikation; Zoll Befestigungs; öffentlich Ordnung Drittstaaten</subfield><subfield code="2">idssg-J</subfield></datafield><datafield ind1=" " ind2=" " tag="691"><subfield code="e">PC 29.1</subfield><subfield code="2">rzs-L1</subfield></datafield><datafield ind1="4" ind2=" " tag="856"><subfield code="3">Titelblatt und Inhaltsverzeichnis</subfield><subfield code="u">https://toc.library.ethz.ch/objects/pdf03/z01_978-3-7255-8515-1_01.pdf</subfield><subfield code="q">pdf</subfield></datafield><datafield ind1="4" ind2=" " tag="856"><subfield code="3">Abstract / Autoreninformation</subfield><subfield code="u">https://toc.library.ethz.ch/objects/pdf03/e16_978-3-7255-8515-1_02.pdf</subfield><subfield code="q">pdf</subfield></datafield><datafield ind1=" " ind2="0" tag="830"><subfield code="a">Collection genevoise</subfield><subfield code="w">(RERO)1299138-41slsp</subfield></datafield><datafield ind1=" " ind2=" " tag="900"><subfield code="a">IDSZ2zbzmon201411e</subfield><subfield code="c">IDSZ2knec</subfield><subfield code="d">IDSZ2zbzswk201503g</subfield><subfield code="e">IDSZ2bruu</subfield></datafield><datafield ind1=" " ind2=" " tag="900"><subfield code="a">IDSZ2rwimon201411l</subfield><subfield code="c">IDSZ2buche</subfield></datafield><datafield ind1=" " ind2=" " tag="949"><subfield code="a">https://toc.library.ethz.ch/objects/pdf03/z01_978-3-7255-8515-1_01.pdf</subfield></datafield><datafield ind1=" " ind2=" " tag="949"><subfield code="a">https://toc.library.ethz.ch/objects/pdf03/e16_978-3-7255-8515-1_02.pdf</subfield></datafield></record>
</metadata></record>