<record><header><identifier>oai:alma.41SLSP_UGE:991000043469705502</identifier><datestamp>2023-05-10T00:11:27Z</datestamp><setSpec>uge_bcen_RapidILL_BOOK</setSpec><setSpec>uge_aaca_RapidILL_BOOK</setSpec><setSpec>uge_abels_RapidILL_BOOK</setSpec><setSpec>uge_dbu_RapidILL_BOOK</setSpec><setSpec>uge_cmu_RapidILL_BOOK</setSpec><setSpec>uge_mail_RapidILL_BOOK</setSpec><setSpec>uge_abbat_RapidILL_BOOK</setSpec><setSpec>UNIGE_ALL</setSpec><setSpec>uge_aobs_RapidILL_BOOK</setSpec><setSpec>uge_acar_RapidILL_BOOK</setSpec></header><metadata>
<record xmlns="http://www.loc.gov/MARC21/slim" xmlns:xsi="http://www.w3.org/2001/XMLSchema-instance" xsi:schemaLocation="http://www.loc.gov/MARC21/slim http://www.loc.gov/standards/marcxml/schema/MARC21slim.xsd"><leader>01582nam a2200385 c 4500</leader><controlfield tag="001">991000043469705502</controlfield><controlfield tag="005">20230509162651.0</controlfield><controlfield tag="008">201011s1977    xxu||||| |||| 00| ||eng d</controlfield><datafield ind1=" " ind2=" " tag="010"><subfield code="a">76053234</subfield></datafield><datafield ind1=" " ind2=" " tag="020"><subfield code="a">0878140328</subfield></datafield><datafield ind1=" " ind2=" " tag="035"><subfield code="a">(swissbib)215529782-41slsp_network</subfield></datafield><datafield ind1=" " ind2=" " tag="035"><subfield code="a">215529782</subfield><subfield code="9">ExL</subfield></datafield><datafield ind1=" " ind2=" " tag="035"><subfield code="a">(RERO)R004537816-41slsp</subfield></datafield><datafield ind1=" " ind2=" " tag="035"><subfield code="a">(NEBIS)000157938EBI01</subfield></datafield><datafield ind1=" " ind2=" " tag="035"><subfield code="a">(EXLNZ-41SLSP_NETWORK)991126945329705501</subfield></datafield><datafield ind1=" " ind2=" " tag="040"><subfield code="a">ETH-BIB</subfield><subfield code="d">CH-ZuSLS</subfield></datafield><datafield ind1=" " ind2="7" tag="072"><subfield code="a">st</subfield><subfield code="2">rero</subfield></datafield><datafield ind1="0" ind2="0" tag="245"><subfield code="a">Handbook of oil industry terms and phrases</subfield><subfield code="c">by R. D. Langenkamp</subfield></datafield><datafield ind1="1" ind2=" " tag="246"><subfield code="a">Oil industry terms and phrases</subfield></datafield><datafield ind1=" " ind2=" " tag="250"><subfield code="a">Second ed.</subfield></datafield><datafield ind1=" " ind2="1" tag="264"><subfield code="a">Tulsa</subfield><subfield code="b">PPC Books</subfield><subfield code="c">1977</subfield></datafield><datafield ind1=" " ind2=" " tag="300"><subfield code="a">VI, 197 S.</subfield><subfield code="c">21 cm</subfield></datafield><datafield ind1=" " ind2=" " tag="336"><subfield code="b">txt</subfield><subfield code="2">rdacontent</subfield></datafield><datafield ind1=" " ind2=" " tag="337"><subfield code="b">n</subfield><subfield code="2">rdamedia</subfield></datafield><datafield ind1=" " ind2=" " tag="338"><subfield code="b">nc</subfield><subfield code="2">rdacarrier</subfield></datafield><datafield ind1=" " ind2=" " tag="500"><subfield code="a">andere Ausgabe: Handbook of oil industry terms and phrases</subfield></datafield><datafield ind1=" " ind2=" " tag="500"><subfield code="a">Rückentitel: Oil industry terms and phrases</subfield></datafield><datafield ind1=" " ind2="7" tag="650"><subfield code="a">Pétrole</subfield><subfield code="0">(IDREF)027792641</subfield><subfield code="2">idref</subfield></datafield><datafield ind1=" " ind2="7" tag="650"><subfield code="a">Industrie</subfield><subfield code="0">(IDREF)027790215</subfield><subfield code="2">idref</subfield></datafield><datafield ind1=" " ind2="7" tag="650"><subfield code="a">ERDGAS (LAGERSTÄTTEN)</subfield><subfield code="9">ger</subfield><subfield code="0">(ETHUDK)000020782</subfield><subfield code="2">ethudk</subfield></datafield><datafield ind1=" " ind2="7" tag="650"><subfield code="a">ERDÖL (LAGERSTÄTTEN)</subfield><subfield code="9">ger</subfield><subfield code="0">(ETHUDK)000020784</subfield><subfield code="2">ethudk</subfield></datafield><datafield ind1=" " ind2="7" tag="650"><subfield code="a">ERDÖLLAGERSTÄTTENABBAU UND ERDÖLGEWINNUNG (BERGBAU)</subfield><subfield code="9">ger</subfield><subfield code="0">(ETHUDK)000029455</subfield><subfield code="2">ethudk</subfield></datafield><datafield ind1=" " ind2="7" tag="650"><subfield code="a">FACHLICHE NACHSCHLAGEWERKE + FACHLEXIKA + HANDBÜCHER (DOKUMENTENTYP)</subfield><subfield code="9">ger</subfield><subfield code="0">(ETHUDK)000009236</subfield><subfield code="2">ethudk</subfield></datafield><datafield ind1=" " ind2="7" tag="650"><subfield code="a">ROHÖL (ERDÖLTECHNOLOGIE)</subfield><subfield code="9">ger</subfield><subfield code="0">(ETHUDK)000033531</subfield><subfield code="2">ethudk</subfield></datafield><datafield ind1=" " ind2="7" tag="655"><subfield code="a">Dictionnaires</subfield><subfield code="0">(IDREF)027232050</subfield><subfield code="2">idref</subfield></datafield><datafield ind1="1" ind2=" " tag="700"><subfield code="a">Langenkamp, Robert D</subfield><subfield code="0">(RERO)A013539070</subfield></datafield></record>
</metadata></record>