<record><header><identifier>oai:alma.41SLSP_UGE:991000018619705502</identifier><datestamp>2024-09-13T00:16:55Z</datestamp><setSpec>uge_bcen_RapidILL_BOOK</setSpec><setSpec>uge_aaca_RapidILL_BOOK</setSpec><setSpec>uge_abels_RapidILL_BOOK</setSpec><setSpec>uge_dbu_RapidILL_BOOK</setSpec><setSpec>uge_cmu_RapidILL_BOOK</setSpec><setSpec>uge_mail_RapidILL_BOOK</setSpec><setSpec>uge_abbat_RapidILL_BOOK</setSpec><setSpec>UNIGE_ALL</setSpec><setSpec>uge_acar_RapidILL_BOOK</setSpec><setSpec>uge_aobs_RapidILL_BOOK</setSpec></header><metadata>
<record xmlns="http://www.loc.gov/MARC21/slim" xmlns:xsi="http://www.w3.org/2001/XMLSchema-instance" xsi:schemaLocation="http://www.loc.gov/MARC21/slim http://www.loc.gov/standards/marcxml/schema/MARC21slim.xsd"><leader>02160nam a2200517 c 4500</leader><controlfield tag="001">991000018619705502</controlfield><controlfield tag="005">20240912204405.0</controlfield><controlfield tag="008">201011s2009    lu ||||| |||| 00| ||eng d</controlfield><datafield ind1=" " ind2=" " tag="020"><subfield code="a">9789291911714</subfield></datafield><datafield ind1=" " ind2=" " tag="035"><subfield code="a">(swissbib)212014897-41slsp_network</subfield></datafield><datafield ind1=" " ind2=" " tag="035"><subfield code="a">212014897</subfield><subfield code="9">ExL</subfield></datafield><datafield ind1=" " ind2=" " tag="035"><subfield code="a">(RERO)R005025638-41slsp</subfield></datafield><datafield ind1=" " ind2=" " tag="035"><subfield code="a">(IDSBB)004808403DSV01</subfield></datafield><datafield ind1=" " ind2=" " tag="035"><subfield code="a">(EXLNZ-41SLSP_NETWORK)991088764239705501</subfield></datafield><datafield ind1=" " ind2=" " tag="037"><subfield code="a">TE-30-08-390-EN-C</subfield><subfield code="b">Office for Official Publications of the European Communities</subfield></datafield><datafield ind1=" " ind2=" " tag="040"><subfield code="a">RERO laisdc</subfield><subfield code="d">CH-ZuSLS</subfield></datafield><datafield ind1=" " ind2="7" tag="072"><subfield code="a">ss</subfield><subfield code="2">rero</subfield></datafield><datafield ind1=" " ind2="7" tag="072"><subfield code="a">me</subfield><subfield code="2">rero</subfield></datafield><datafield ind1=" " ind2="7" tag="072"><subfield code="a">wi</subfield><subfield code="2">SzZuIDS BS/BE</subfield></datafield><datafield ind1="1" ind2="4" tag="082"><subfield code="a">330</subfield><subfield code="2">15</subfield></datafield><datafield ind1=" " ind2=" " tag="084"><subfield code="a">FA 57.3 c</subfield><subfield code="2">cjurrom</subfield></datafield><datafield ind1=" " ind2=" " tag="084"><subfield code="a">PS 3920</subfield><subfield code="2">rvk</subfield></datafield><datafield ind1=" " ind2=" " tag="084"><subfield code="a">QP 420</subfield><subfield code="2">rvk</subfield></datafield><datafield ind1=" " ind2=" " tag="084"><subfield code="a">XE 6903</subfield><subfield code="2">rvk</subfield></datafield><datafield ind1="1" ind2=" " tag="100"><subfield code="a">Brun, Emmannuelle</subfield></datafield><datafield ind1="1" ind2="0" tag="245"><subfield code="a">Expert forecast on emerging chemical risks related to occupational safety and health</subfield><subfield code="c">European Agency for Safety and Health at Work</subfield></datafield><datafield ind1=" " ind2="1" tag="264"><subfield code="a">Luxembourg</subfield><subfield code="b">Office for Official Publications of the European Communities</subfield><subfield code="c">2009</subfield></datafield><datafield ind1=" " ind2=" " tag="300"><subfield code="a">198 p.</subfield><subfield code="b">ill.</subfield></datafield><datafield ind1=" " ind2=" " tag="336"><subfield code="b">txt</subfield><subfield code="2">rdacontent</subfield></datafield><datafield ind1=" " ind2=" " tag="337"><subfield code="b">n</subfield><subfield code="2">rdamedia</subfield></datafield><datafield ind1=" " ind2=" " tag="338"><subfield code="b">nc</subfield><subfield code="2">rdacarrier</subfield></datafield><datafield ind1="1" ind2=" " tag="490"><subfield code="a">European risk observatory report</subfield><subfield code="v">8</subfield></datafield><datafield ind1="0" ind2=" " tag="505"><subfield code="a">1. Introduction. 2. Methodology. 3. Expert participation. 4. Main emerging chemical risks identified. 5. Complete results of the survey.. 6. Conclusion</subfield></datafield><datafield ind1=" " ind2="2" tag="650"><subfield code="a">Hazardous Substances</subfield></datafield><datafield ind1=" " ind2="2" tag="650"><subfield code="a">Risk Assessment</subfield></datafield><datafield ind1=" " ind2="2" tag="650"><subfield code="a">Occupational Health</subfield></datafield><datafield ind1=" " ind2="2" tag="650"><subfield code="a">Data Collection</subfield></datafield><datafield ind1=" " ind2="2" tag="650"><subfield code="a">Surveys and Questionnaires</subfield></datafield><datafield ind1=" " ind2="2" tag="651"><subfield code="a">Europe</subfield></datafield><datafield ind1=" " ind2="2" tag="655"><subfield code="a">Technical Report</subfield></datafield><datafield ind1="2" ind2=" " tag="710"><subfield code="a">Europäische Agentur für Sicherheit und Gesundheitsschutz am Arbeitsplatz</subfield><subfield code="0">(DE-588)5271373-8</subfield></datafield><datafield ind1="2" ind2=" " tag="710"><subfield code="a">Agence européenne pour la sécurité et la santé au travail</subfield><subfield code="0">(IDREF)035560908</subfield></datafield><datafield ind1="4" ind2="1" tag="856"><subfield code="3">Texte intégral</subfield><subfield code="u">http://osha.europa.eu/en/publications/reports/TE3008390ENC_chemical_risks</subfield></datafield><datafield ind1="4" ind2=" " tag="856"><subfield code="3">Inhaltsverzeichnis</subfield><subfield code="u">http://www.ub.unibas.ch/tox/HBZ/HT015885261/PDF</subfield><subfield code="q">pdf</subfield></datafield><datafield ind1=" " ind2="0" tag="830"><subfield code="a">Risk Observatory series</subfield><subfield code="v">8</subfield><subfield code="w">(RERO)R003960548-41slsp</subfield></datafield><datafield ind1=" " ind2="0" tag="830"><subfield code="a">European risk observatory report</subfield><subfield code="v">8</subfield><subfield code="w">(IDSBB)004363642DSV01</subfield></datafield><datafield ind1=" " ind2=" " tag="949"><subfield code="a">http://www.ub.unibas.ch/tox/HBZ/HT015885261/PDF</subfield></datafield></record>
</metadata></record>