<record><header><identifier>oai:alma.41SLSP_UGE:991000019349705502</identifier><datestamp>2023-03-01T01:09:12Z</datestamp><setSpec>UNIGE_ALL</setSpec></header><metadata>
<record xmlns="http://www.loc.gov/MARC21/slim" xmlns:xsi="http://www.w3.org/2001/XMLSchema-instance" xsi:schemaLocation="http://www.loc.gov/MARC21/slim http://www.loc.gov/standards/marcxml/schema/MARC21slim.xsd"><leader>01038ngm a2200301 c 4500</leader><controlfield tag="001">991000019349705502</controlfield><controlfield tag="005">20201225190441.0</controlfield><controlfield tag="007">gs ||||||</controlfield><controlfield tag="008">880629s1981    ru ||| |          s|fre d</controlfield><datafield ind1=" " ind2=" " tag="035"><subfield code="a">(swissbib)08287476X-41slsp_network</subfield></datafield><datafield ind1=" " ind2=" " tag="035"><subfield code="a">08287476X</subfield><subfield code="9">ExL</subfield></datafield><datafield ind1=" " ind2=" " tag="035"><subfield code="a">(RERO)0992796-41slsp</subfield></datafield><datafield ind1=" " ind2=" " tag="035"><subfield code="a">(EXLNZ-41SLSP_NETWORK)991138220869705501</subfield></datafield><datafield ind1=" " ind2=" " tag="040"><subfield code="a">RERO geumed</subfield><subfield code="d">CH-ZuSLS</subfield></datafield><datafield ind1="1" ind2=" " tag="041"><subfield code="a">fre</subfield><subfield code="h">rus</subfield></datafield><datafield ind1=" " ind2="7" tag="072"><subfield code="a">ba</subfield><subfield code="2">rero</subfield></datafield><datafield ind1="1" ind2=" " tag="100"><subfield code="a">Repin, Ilʹi︠a︡ Efimovich</subfield><subfield code="0">(RERO)A000136955</subfield><subfield code="4">cre</subfield></datafield><datafield ind1="1" ind2="0" tag="245"><subfield code="a">Retour inattendu, [ou ils ne l'attendaient pas]</subfield><subfield code="c">Il'ja Efimovič Repin</subfield></datafield><datafield ind1=" " ind2="1" tag="264"><subfield code="a">Moskva</subfield><subfield code="b">Studia &quot;Diafilm&quot; Goskino SSSR [prod.]</subfield><subfield code="c">1981</subfield></datafield><datafield ind1=" " ind2=" " tag="300"><subfield code="a">1 DIAPOSITIVE</subfield><subfield code="b">couleur</subfield><subfield code="c">5 x 5 cm</subfield><subfield code="e">photocopie du livret en langue russe</subfield></datafield><datafield ind1=" " ind2=" " tag="336"><subfield code="b">sti</subfield><subfield code="2">rdacontent</subfield></datafield><datafield ind1=" " ind2=" " tag="337"><subfield code="b">g</subfield><subfield code="2">rdamedia</subfield></datafield><datafield ind1=" " ind2=" " tag="338"><subfield code="b">gs</subfield><subfield code="2">rdacarrier</subfield></datafield><datafield ind1=" " ind2=" " tag="500"><subfield code="a">Numéro de référence: B3-20-047-6</subfield></datafield><datafield ind1=" " ind2=" " tag="500"><subfield code="a">Traduit de: Ne ždali</subfield></datafield><datafield ind1=" " ind2=" " tag="500"><subfield code="a">Peint en 1884-1888</subfield></datafield><datafield ind1=" " ind2=" " tag="500"><subfield code="a">Huile sur toile ; 160,5 x 167,5 cm</subfield></datafield><datafield ind1=" " ind2=" " tag="500"><subfield code="a">Galerie Trétiakov, Moscou</subfield></datafield><datafield ind1=" " ind2=" " tag="900"><subfield code="a">REROnoselfmerge</subfield></datafield></record>
</metadata></record>