<record><header><identifier>oai:alma.41SLSP_UGE:991000018609705502</identifier><datestamp>2023-06-20T00:20:40Z</datestamp><setSpec>uge_bcen_RapidILL_BOOK</setSpec><setSpec>uge_aaca_RapidILL_BOOK</setSpec><setSpec>uge_abels_RapidILL_BOOK</setSpec><setSpec>uge_dbu_RapidILL_BOOK</setSpec><setSpec>uge_cmu_RapidILL_BOOK</setSpec><setSpec>uge_mail_RapidILL_BOOK</setSpec><setSpec>uge_abbat_RapidILL_BOOK</setSpec><setSpec>UNIGE_ALL</setSpec><setSpec>uge_aobs_RapidILL_BOOK</setSpec><setSpec>uge_acar_RapidILL_BOOK</setSpec></header><metadata>
<record xmlns="http://www.loc.gov/MARC21/slim" xmlns:xsi="http://www.w3.org/2001/XMLSchema-instance" xsi:schemaLocation="http://www.loc.gov/MARC21/slim http://www.loc.gov/standards/marcxml/schema/MARC21slim.xsd"><leader>01712nam a2200445 c 4500</leader><controlfield tag="001">991000018609705502</controlfield><controlfield tag="005">20230619195019.0</controlfield><controlfield tag="008">201011s1964    be ||||| |||| 00| ||fre d</controlfield><datafield ind1=" " ind2=" " tag="035"><subfield code="a">(swissbib)217433944-41slsp_network</subfield></datafield><datafield ind1=" " ind2=" " tag="035"><subfield code="a">217433944</subfield><subfield code="9">ExL</subfield></datafield><datafield ind1=" " ind2=" " tag="035"><subfield code="a">(RERO)1646337-41slsp</subfield></datafield><datafield ind1=" " ind2=" " tag="035"><subfield code="a">(NEBIS)003266812EBI01</subfield></datafield><datafield ind1=" " ind2=" " tag="035"><subfield code="a">(EXLNZ-41SLSP_NETWORK)991043731039705501</subfield></datafield><datafield ind1=" " ind2=" " tag="040"><subfield code="a">RERO neuses</subfield><subfield code="d">CH-ZuSLS</subfield></datafield><datafield ind1=" " ind2=" " tag="050"><subfield code="a">HC 241.2</subfield><subfield code="b">.R981 1964</subfield></datafield><datafield ind1=" " ind2="7" tag="072"><subfield code="a">se</subfield><subfield code="2">rero</subfield></datafield><datafield ind1="0" ind2="4" tag="082"><subfield code="a">338.94</subfield></datafield><datafield ind1="0" ind2="4" tag="082"><subfield code="a">338.5409177</subfield></datafield><datafield ind1=" " ind2=" " tag="084"><subfield code="a">QN 200</subfield><subfield code="2">rvk</subfield></datafield><datafield ind1="1" ind2=" " tag="100"><subfield code="a">Rutsaert, Paul Albéric</subfield><subfield code="0">(IDREF)088409805</subfield><subfield code="4">cre</subfield></datafield><datafield ind1="1" ind2="0" tag="245"><subfield code="a">&lt;&lt;L'&gt;&gt;intégration des conjonctures économiques dans le Marché commun</subfield><subfield code="c">par Paul Albéric Rutsaert</subfield></datafield><datafield ind1=" " ind2="1" tag="264"><subfield code="a">Louvain</subfield><subfield code="b">E. Nauwelaerts</subfield><subfield code="a">Paris</subfield><subfield code="b">Béatrice-Nauwelaerts</subfield><subfield code="c">1964</subfield></datafield><datafield ind1=" " ind2=" " tag="300"><subfield code="a">XV, 226 p.</subfield><subfield code="b">ill.</subfield><subfield code="c">24 cm</subfield></datafield><datafield ind1=" " ind2=" " tag="336"><subfield code="b">txt</subfield><subfield code="2">rdacontent</subfield></datafield><datafield ind1=" " ind2=" " tag="337"><subfield code="b">n</subfield><subfield code="2">rdamedia</subfield></datafield><datafield ind1=" " ind2=" " tag="338"><subfield code="b">nc</subfield><subfield code="2">rdacarrier</subfield></datafield><datafield ind1="1" ind2=" " tag="490"><subfield code="a">Recherches pour un marché commun</subfield><subfield code="v">5</subfield></datafield><datafield ind1="1" ind2=" " tag="490"><subfield code="a">Collection de l'Ecole des sciences économiques</subfield><subfield code="v">no. 85</subfield></datafield><datafield ind1=" " ind2=" " tag="500"><subfield code="a">Literaturverz. S. 207-211</subfield></datafield><datafield ind1="2" ind2="7" tag="610"><subfield code="a">Communauté européenne</subfield><subfield code="0">(IDREF)027438902</subfield><subfield code="2">idref</subfield></datafield><datafield ind1="2" ind2="0" tag="610"><subfield code="a">European Economic Community</subfield></datafield><datafield ind1=" " ind2="7" tag="650"><subfield code="a">Conjoncture économique</subfield><subfield code="0">(IDREF)027690458</subfield><subfield code="2">idref</subfield></datafield><datafield ind1=" " ind2="0" tag="650"><subfield code="a">Business cycles</subfield></datafield><datafield ind1=" " ind2="0" tag="651"><subfield code="a">European Economic Community countries</subfield><subfield code="x">Economic conditions</subfield></datafield><datafield ind1=" " ind2="0" tag="651"><subfield code="a">Europe</subfield><subfield code="x">Economic conditions</subfield><subfield code="y">1945-</subfield></datafield><datafield ind1=" " ind2="0" tag="830"><subfield code="a">Collection de l'Ecole des sciences économiques</subfield><subfield code="v">85</subfield><subfield code="w">(NEBIS)000011542EBI01</subfield></datafield><datafield ind1=" " ind2="0" tag="830"><subfield code="a">Recherches pour un marché commun</subfield><subfield code="v">5</subfield><subfield code="w">(RERO)0007739-41slsp</subfield></datafield><datafield ind1=" " ind2="0" tag="830"><subfield code="a">Recherches pour un marché commun</subfield><subfield code="v">5</subfield><subfield code="w">(NEBIS)009160961EBI01</subfield></datafield><datafield ind1=" " ind2=" " tag="900"><subfield code="a">IDSERSPInew</subfield></datafield><datafield ind1=" " ind2=" " tag="900"><subfield code="a">IDSZRMedeaZBZ</subfield><subfield code="b">IDSZRReihe</subfield></datafield><datafield ind1=" " ind2=" " tag="900"><subfield code="a">IDSZRMedeaZBZ</subfield><subfield code="b">IDSZRSWK</subfield></datafield><datafield ind1=" " ind2=" " tag="961"><subfield code="2">gsi</subfield><subfield code="a">338.12</subfield><subfield code="9">LOCAL</subfield></datafield></record>
</metadata></record>