<record><header><identifier>oai:alma.41SLSP_UGE:991000019129705502</identifier><datestamp>2023-03-01T01:09:12Z</datestamp><setSpec>uge_bcen_RapidILL_BOOK</setSpec><setSpec>uge_aaca_RapidILL_BOOK</setSpec><setSpec>uge_abels_RapidILL_BOOK</setSpec><setSpec>uge_dbu_RapidILL_BOOK</setSpec><setSpec>uge_cmu_RapidILL_BOOK</setSpec><setSpec>uge_mail_RapidILL_BOOK</setSpec><setSpec>UNIGE_ALL</setSpec><setSpec>uge_abbat_RapidILL_BOOK</setSpec><setSpec>uge_aobs_RapidILL_BOOK</setSpec><setSpec>uge_acar_RapidILL_BOOK</setSpec></header><metadata>
<record xmlns="http://www.loc.gov/MARC21/slim" xmlns:xsi="http://www.w3.org/2001/XMLSchema-instance" xsi:schemaLocation="http://www.loc.gov/MARC21/slim http://www.loc.gov/standards/marcxml/schema/MARC21slim.xsd"><leader>01571nam a2200361 c 4500</leader><controlfield tag="001">991000019129705502</controlfield><controlfield tag="005">20210207115038.0</controlfield><controlfield tag="008">201012s2009    xxu           10| | eng  </controlfield><datafield ind1=" " ind2=" " tag="020"><subfield code="a">9781571461346</subfield></datafield><datafield ind1=" " ind2=" " tag="035"><subfield code="a">(swissbib)240262727-41slsp_network</subfield></datafield><datafield ind1=" " ind2=" " tag="035"><subfield code="a">240262727</subfield><subfield code="9">ExL</subfield></datafield><datafield ind1=" " ind2=" " tag="035"><subfield code="a">(NEBIS)005835388EBI01</subfield></datafield><datafield ind1=" " ind2=" " tag="035"><subfield code="a">(RERO)R005195052-41slsp</subfield></datafield><datafield ind1=" " ind2=" " tag="035"><subfield code="a">(EXLNZ-41SLSP_NETWORK)991154997649705501</subfield></datafield><datafield ind1=" " ind2=" " tag="040"><subfield code="a">SzZuIDS NEBIS ETH-MATH</subfield><subfield code="d">CH-ZuSLS</subfield></datafield><datafield ind1=" " ind2="7" tag="072"><subfield code="a">ma</subfield><subfield code="2">rero</subfield></datafield><datafield ind1=" " ind2=" " tag="084"><subfield code="a">00.40</subfield><subfield code="2">msc</subfield></datafield><datafield ind1="0" ind2="0" tag="245"><subfield code="a">Current Developments in Mathematics 2007</subfield><subfield code="c">David Jerison (eds.)</subfield></datafield><datafield ind1=" " ind2="1" tag="264"><subfield code="a">Somerville, MA</subfield><subfield code="b">IP, International Press</subfield><subfield code="c">2009</subfield></datafield><datafield ind1=" " ind2=" " tag="300"><subfield code="a">245 S.</subfield></datafield><datafield ind1=" " ind2=" " tag="336"><subfield code="b">txt</subfield><subfield code="2">rdacontent</subfield></datafield><datafield ind1=" " ind2=" " tag="337"><subfield code="b">n</subfield><subfield code="2">rdamedia</subfield></datafield><datafield ind1=" " ind2=" " tag="338"><subfield code="b">nc</subfield><subfield code="2">rdacarrier</subfield></datafield><datafield ind1="1" ind2=" " tag="490"><subfield code="a">Current Developments in Mathematics</subfield><subfield code="v">2007</subfield></datafield><datafield ind1=" " ind2="7" tag="650"><subfield code="a">BIRATIONALE TRANSFORMATIONEN + MINIMALMODELLE (ALGEBRAISCHE GEOMETRIE)</subfield><subfield code="9">ger</subfield><subfield code="0">(ETHUDK)000012841</subfield><subfield code="2">ethudk</subfield></datafield><datafield ind1=" " ind2="7" tag="650"><subfield code="a">CALABI-YAU-MANNIGFALTIGKEITEN + SPIEGELSYMMETRIE (ALGEBRAISCHE GEOMETRIE)</subfield><subfield code="9">ger</subfield><subfield code="0">(ETHUDK)000063767</subfield><subfield code="2">ethudk</subfield></datafield><datafield ind1=" " ind2="7" tag="650"><subfield code="a">PRIMZAHLEN (ZAHLENTHEORIE)</subfield><subfield code="9">ger</subfield><subfield code="0">(ETHUDK)000012558</subfield><subfield code="2">ethudk</subfield></datafield><datafield ind1=" " ind2="7" tag="650"><subfield code="a">RINGTHEORIE (ALGEBRA)</subfield><subfield code="9">ger</subfield><subfield code="0">(ETHUDK)000012667</subfield><subfield code="2">ethudk</subfield></datafield><datafield ind1=" " ind2="7" tag="650"><subfield code="a">SEIBERG-WITTEN-THEORIE (TOPOLOGIE DER MANNIGFALTIGKEITEN)</subfield><subfield code="9">ger</subfield><subfield code="0">(ETHUDK)000063282</subfield><subfield code="2">ethudk</subfield></datafield><datafield ind1=" " ind2="7" tag="655"><subfield code="a">Konferenzschrift</subfield><subfield code="y">2007</subfield><subfield code="2">gnd-content</subfield></datafield><datafield ind1="1" ind2=" " tag="700"><subfield code="a">Jerison, David</subfield><subfield code="d">1953-....</subfield><subfield code="0">(IDREF)103589155</subfield></datafield><datafield ind1="2" ind2=" " tag="711"><subfield code="a">Joint Seminar by M.I.T. and Harvard on the Current Developments in Mathematics</subfield><subfield code="0">(DE-588)1092243585</subfield></datafield><datafield ind1=" " ind2="0" tag="830"><subfield code="a">Current developments in mathematics</subfield><subfield code="v">2007</subfield><subfield code="w">(NEBIS)005144190EBI01</subfield></datafield><datafield ind1=" " ind2=" " tag="900"><subfield code="a">REROnoselfmerge</subfield></datafield></record>
</metadata></record>