<record><header><identifier>oai:alma.41SLSP_UGE:991000018819705502</identifier><datestamp>2023-03-01T01:09:12Z</datestamp><setSpec>uge_bcen_RapidILL_BOOK</setSpec><setSpec>uge_aaca_RapidILL_BOOK</setSpec><setSpec>uge_abels_RapidILL_BOOK</setSpec><setSpec>uge_dbu_RapidILL_BOOK</setSpec><setSpec>uge_cmu_RapidILL_BOOK</setSpec><setSpec>uge_mail_RapidILL_BOOK</setSpec><setSpec>UNIGE_ALL</setSpec><setSpec>uge_abbat_RapidILL_BOOK</setSpec><setSpec>uge_aobs_RapidILL_BOOK</setSpec><setSpec>uge_acar_RapidILL_BOOK</setSpec></header><metadata>
<record xmlns="http://www.loc.gov/MARC21/slim" xmlns:xsi="http://www.w3.org/2001/XMLSchema-instance" xsi:schemaLocation="http://www.loc.gov/MARC21/slim http://www.loc.gov/standards/marcxml/schema/MARC21slim.xsd"><leader>01144nam a2200325 c 4500</leader><controlfield tag="001">991000018819705502</controlfield><controlfield tag="005">20201231095722.0</controlfield><controlfield tag="008">201012s1992    gw ||||| |||| 00| ||ger d</controlfield><datafield ind1=" " ind2=" " tag="019"><subfield code="a">Bruyn, Günter de (1926-) / Kalbermatter</subfield></datafield><datafield ind1=" " ind2=" " tag="020"><subfield code="a">3596113342</subfield></datafield><datafield ind1=" " ind2=" " tag="035"><subfield code="a">(swissbib)234725478-41slsp_network</subfield></datafield><datafield ind1=" " ind2=" " tag="035"><subfield code="a">234725478</subfield><subfield code="9">ExL</subfield></datafield><datafield ind1=" " ind2=" " tag="035"><subfield code="a">(RERO)1572470-41slsp</subfield></datafield><datafield ind1=" " ind2=" " tag="035"><subfield code="a">(NEBIS)001262521EBI01</subfield></datafield><datafield ind1=" " ind2=" " tag="035"><subfield code="a">(EXLNZ-41SLSP_NETWORK)991022968129705501</subfield></datafield><datafield ind1=" " ind2=" " tag="040"><subfield code="a">RERO geulal</subfield><subfield code="d">CH-ZuSLS</subfield></datafield><datafield ind1=" " ind2="7" tag="072"><subfield code="a">al</subfield><subfield code="2">rero</subfield></datafield><datafield ind1="0" ind2="4" tag="082"><subfield code="a">833.914</subfield></datafield><datafield ind1="0" ind2="4" tag="082"><subfield code="a">833.9</subfield></datafield><datafield ind1="1" ind2=" " tag="100"><subfield code="6">880-01</subfield><subfield code="a">Bruyn, Günter de</subfield><subfield code="d">1926-2020</subfield><subfield code="0">(IDREF)026650789</subfield><subfield code="4">cre</subfield></datafield><datafield ind1="1" ind2=" " tag="880"><subfield code="a">Bruyn, Günter &lt;&lt;de&gt;&gt;</subfield><subfield code="d">1926-2020</subfield><subfield code="0">(DE-588)118516388</subfield><subfield code="6">100-01</subfield></datafield><datafield ind1="1" ind2="0" tag="245"><subfield code="a">Babylon</subfield><subfield code="b">Erzählungen</subfield><subfield code="c">Günter de Bruyn</subfield></datafield><datafield ind1=" " ind2="1" tag="264"><subfield code="a">Frankfurt am Main</subfield><subfield code="b">Fischer Taschenbuch Verl.</subfield><subfield code="c">1992</subfield></datafield><datafield ind1=" " ind2=" " tag="300"><subfield code="a">151 p.</subfield><subfield code="c">18 cm</subfield></datafield><datafield ind1=" " ind2=" " tag="336"><subfield code="b">txt</subfield><subfield code="2">rdacontent</subfield></datafield><datafield ind1=" " ind2=" " tag="337"><subfield code="b">n</subfield><subfield code="2">rdamedia</subfield></datafield><datafield ind1=" " ind2=" " tag="338"><subfield code="b">nc</subfield><subfield code="2">rdacarrier</subfield></datafield><datafield ind1="1" ind2=" " tag="490"><subfield code="a">Fischer Taschenbuch</subfield><subfield code="v">11334</subfield></datafield><datafield ind1=" " ind2=" " tag="830"><subfield code="a">Forum Wissenschaft, Figuren des Wissens</subfield><subfield code="v">11334</subfield><subfield code="w">(NEBIS)000058916EBI01</subfield></datafield><datafield ind1=" " ind2=" " tag="830"><subfield code="a">Fischer Taschenbücher</subfield><subfield code="v">11334</subfield><subfield code="w">(RERO)0445464-41slsp</subfield></datafield><datafield ind1=" " ind2=" " tag="900"><subfield code="a">REROnoselfmerge</subfield></datafield></record>
</metadata></record>