<record><header><identifier>oai:alma.41SLSP_UGE:991000018839705502</identifier><datestamp>2024-11-15T01:10:17Z</datestamp><setSpec>uge_bcen_RapidILL_BOOK</setSpec><setSpec>uge_aaca_RapidILL_BOOK</setSpec><setSpec>uge_abels_RapidILL_BOOK</setSpec><setSpec>uge_dbu_RapidILL_BOOK</setSpec><setSpec>uge_cmu_RapidILL_BOOK</setSpec><setSpec>uge_mail_RapidILL_BOOK</setSpec><setSpec>uge_abbat_RapidILL_BOOK</setSpec><setSpec>UNIGE_ALL</setSpec><setSpec>uge_acar_RapidILL_BOOK</setSpec><setSpec>uge_aobs_RapidILL_BOOK</setSpec></header><metadata>
<record xmlns="http://www.loc.gov/MARC21/slim" xmlns:xsi="http://www.w3.org/2001/XMLSchema-instance" xsi:schemaLocation="http://www.loc.gov/MARC21/slim http://www.loc.gov/standards/marcxml/schema/MARC21slim.xsd"><leader>02663nam a2200577 c 4500</leader><controlfield tag="001">991000018839705502</controlfield><controlfield tag="005">20241114211023.0</controlfield><controlfield tag="008">201011s1986    it ||||| |||| 00| ||ita d</controlfield><datafield ind1=" " ind2=" " tag="035"><subfield code="a">(swissbib)214493504-41slsp_network</subfield></datafield><datafield ind1=" " ind2=" " tag="035"><subfield code="a">214493504</subfield><subfield code="9">ExL</subfield></datafield><datafield ind1=" " ind2=" " tag="035"><subfield code="a">(RERO)R245048560-41slsp</subfield></datafield><datafield ind1=" " ind2=" " tag="035"><subfield code="a">(IDSBB)000599172DSV01</subfield></datafield><datafield ind1=" " ind2=" " tag="035"><subfield code="a">(NEBIS)000398022EBI01</subfield></datafield><datafield ind1=" " ind2=" " tag="035"><subfield code="a">(SBT)000151760SBT01</subfield></datafield><datafield ind1=" " ind2=" " tag="035"><subfield code="a">(EXLNZ-41SLSP_NETWORK)991008450489705501</subfield></datafield><datafield ind1=" " ind2=" " tag="040"><subfield code="a">RERO geuarc</subfield><subfield code="d">CH-ZuSLS</subfield></datafield><datafield ind1=" " ind2="7" tag="072"><subfield code="a">kh</subfield><subfield code="2">SzZuIDS BS/BE</subfield></datafield><datafield ind1=" " ind2="7" tag="072"><subfield code="a">ba</subfield><subfield code="2">rero</subfield></datafield><datafield ind1="0" ind2="0" tag="245"><subfield code="a">&lt;&lt;Il&gt;&gt; giardino romantico</subfield><subfield code="c">presentazione di Alfiero Ciampolini, Oublesse Conti, Marco Nenci ; saggio introd. di Guido Ferrara ; testi di Isa Belli Barsali... [et al.] ; a cura di Alessandro Vezzosi</subfield></datafield><datafield ind1=" " ind2="1" tag="264"><subfield code="a">Firenze</subfield><subfield code="b">Alinea</subfield><subfield code="c">1986</subfield></datafield><datafield ind1=" " ind2=" " tag="300"><subfield code="a">117 S.</subfield><subfield code="c">22 x 24 cm</subfield><subfield code="b">Fig. (z.T. farb.)</subfield></datafield><datafield ind1=" " ind2=" " tag="336"><subfield code="b">txt</subfield><subfield code="2">rdacontent</subfield></datafield><datafield ind1=" " ind2=" " tag="337"><subfield code="b">n</subfield><subfield code="2">rdamedia</subfield></datafield><datafield ind1=" " ind2=" " tag="338"><subfield code="b">nc</subfield><subfield code="2">rdacarrier</subfield></datafield><datafield ind1="1" ind2=" " tag="490"><subfield code="a">Pratolino</subfield><subfield code="v">2</subfield></datafield><datafield ind1=" " ind2=" " tag="500"><subfield code="a">En tête du titre : Provincia di Firenze, Pratolino, Laboratorio di Meraviglie</subfield></datafield><datafield ind1=" " ind2=" " tag="500"><subfield code="a">Contributi del seminario di studi sul &quot;Giardino romantico&quot; tenutosi a Palazzo Medici Riccardi [Firenze], novembre 1984</subfield></datafield><datafield ind1=" " ind2=" " tag="500"><subfield code="a">In testa al frontespizio : Provincia di Firenze, Pratolino, Laboratorio di Meraviglie</subfield></datafield><datafield ind1=" " ind2="7" tag="650"><subfield code="a">Jardins</subfield><subfield code="0">(IDREF)027295605</subfield><subfield code="2">idref</subfield></datafield><datafield ind1=" " ind2="7" tag="650"><subfield code="a">Romantisme</subfield><subfield code="0">(IDREF)027242951</subfield><subfield code="2">idref</subfield></datafield><datafield ind1=" " ind2="7" tag="650"><subfield code="a">Garten</subfield><subfield code="y">Geschichte 18. Jh</subfield><subfield code="v">Kongressbericht</subfield><subfield code="2">idsbb</subfield></datafield><datafield ind1=" " ind2="7" tag="650"><subfield code="a">Garten</subfield><subfield code="x">Romantik</subfield><subfield code="v">Kongressbericht</subfield><subfield code="2">idsbb</subfield></datafield><datafield ind1=" " ind2="7" tag="650"><subfield code="a">FREIFLÄCHEN + UNBEBAUTE FLÄCHEN (LANDSCHAFTSARCHITEKTUR)</subfield><subfield code="9">ger</subfield><subfield code="0">(ETHUDK)000035432</subfield><subfield code="2">ethudk</subfield></datafield><datafield ind1=" " ind2="7" tag="650"><subfield code="a">ITALIEN (SÜDEUROPA). REPUBLIK ITALIEN</subfield><subfield code="9">ger</subfield><subfield code="0">(ETHUDK)000003602</subfield><subfield code="2">ethudk</subfield></datafield><datafield ind1=" " ind2="7" tag="650"><subfield code="a">Giardini privati</subfield><subfield code="z">Toscana</subfield><subfield code="y">sec. 19.</subfield><subfield code="2">sbt12</subfield></datafield><datafield ind1=" " ind2="7" tag="655"><subfield code="a">Konferenzschrift</subfield><subfield code="z">Florenz</subfield><subfield code="y">1984</subfield><subfield code="2">gnd-content</subfield></datafield><datafield ind1=" " ind2="7" tag="655"><subfield code="a">Konferenzschrift</subfield><subfield code="z">Firenze</subfield><subfield code="y">1984/11</subfield><subfield code="2">gnd-content</subfield></datafield><datafield ind1=" " ind2=" " tag="691"><subfield code="e">712.260</subfield><subfield code="2">usi-TM</subfield></datafield><datafield ind1="1" ind2=" " tag="700"><subfield code="a">Conti, Oublesse</subfield></datafield><datafield ind1="1" ind2=" " tag="700"><subfield code="a">Nenci, Marco</subfield></datafield><datafield ind1="1" ind2=" " tag="700"><subfield code="a">Bisogni, Fabio</subfield></datafield><datafield ind1="1" ind2=" " tag="700"><subfield code="a">Vezzosi, A.</subfield></datafield><datafield ind1="1" ind2=" " tag="700"><subfield code="a">Ferrara, Guido</subfield><subfield code="d">19..-....</subfield><subfield code="0">(IDREF)195809815</subfield></datafield><datafield ind1="1" ind2=" " tag="700"><subfield code="a">Ciampolini, Alfiero</subfield><subfield code="0">(RERO)A005532578</subfield></datafield><datafield ind1="1" ind2=" " tag="700"><subfield code="a">Belli Barsali, Isa</subfield><subfield code="d">1920-1986</subfield><subfield code="0">(DE-588)129904988</subfield><subfield code="6">880-04</subfield></datafield><datafield ind1="1" ind2=" " tag="880"><subfield code="6">700-04</subfield><subfield code="a">Belli Barsali, Isa</subfield><subfield code="d">1920-1986</subfield><subfield code="0">(IDREF)026649632</subfield></datafield><datafield ind1="1" ind2=" " tag="700"><subfield code="a">Vezzosi, Alessandro</subfield><subfield code="d">1950-</subfield><subfield code="0">(DE-588)132384027</subfield><subfield code="6">880-05</subfield></datafield><datafield ind1="1" ind2=" " tag="880"><subfield code="6">700-05</subfield><subfield code="a">Vezzosi, Alessandro</subfield><subfield code="d">1950-....</subfield><subfield code="0">(IDREF)030750652</subfield></datafield><datafield ind1="1" ind2=" " tag="710"><subfield code="a">Firenze (Provincia)</subfield><subfield code="b">Laboratorio di Meraviglie</subfield><subfield code="0">(RERO)A005532579</subfield></datafield><datafield ind1="2" ind2=" " tag="711"><subfield code="a">Seminario di Studi sul Giardino Romantico</subfield><subfield code="d">1984</subfield><subfield code="c">Florenz</subfield><subfield code="0">(DE-588)1091165335</subfield></datafield><datafield ind1=" " ind2="0" tag="830"><subfield code="a">Pratolino</subfield><subfield code="v">2</subfield><subfield code="w">(NEBIS)000033979EBI01</subfield></datafield><datafield ind1=" " ind2=" " tag="900"><subfield code="a">REROnoselfmerge</subfield></datafield></record>
</metadata></record>