<record><header><identifier>oai:alma.41SLSP_UGE:991000019359705502</identifier><datestamp>2024-09-29T00:09:46Z</datestamp><setSpec>uge_bcen_RapidILL_BOOK</setSpec><setSpec>uge_aaca_RapidILL_BOOK</setSpec><setSpec>uge_abels_RapidILL_BOOK</setSpec><setSpec>uge_dbu_RapidILL_BOOK</setSpec><setSpec>uge_cmu_RapidILL_BOOK</setSpec><setSpec>uge_mail_RapidILL_BOOK</setSpec><setSpec>uge_abbat_RapidILL_BOOK</setSpec><setSpec>UNIGE_ALL</setSpec><setSpec>uge_aobs_RapidILL_BOOK</setSpec><setSpec>uge_acar_RapidILL_BOOK</setSpec></header><metadata>
<record xmlns="http://www.loc.gov/MARC21/slim" xmlns:xsi="http://www.w3.org/2001/XMLSchema-instance" xsi:schemaLocation="http://www.loc.gov/MARC21/slim http://www.loc.gov/standards/marcxml/schema/MARC21slim.xsd"><leader>01661nam a2200457 c 4500</leader><controlfield tag="001">991000019359705502</controlfield><controlfield tag="005">20230328214329.0</controlfield><controlfield tag="008">201011s1984    it ||||| |||| 00| ||ita d</controlfield><datafield ind1=" " ind2=" " tag="020"><subfield code="a">8870625605</subfield></datafield><datafield ind1=" " ind2=" " tag="035"><subfield code="a">(swissbib)231535090-41slsp_network</subfield></datafield><datafield ind1=" " ind2=" " tag="035"><subfield code="a">231535090</subfield><subfield code="9">ExL</subfield></datafield><datafield ind1=" " ind2=" " tag="035"><subfield code="a">(RERO)0597883-41slsp</subfield></datafield><datafield ind1=" " ind2=" " tag="035"><subfield code="a">(IDSBB)000064936DSV01</subfield></datafield><datafield ind1=" " ind2=" " tag="035"><subfield code="a">(NEBIS)009445990EBI01</subfield></datafield><datafield ind1=" " ind2=" " tag="035"><subfield code="a">(EXLNZ-41SLSP_NETWORK)991057633999705501</subfield></datafield><datafield ind1=" " ind2=" " tag="040"><subfield code="a">RERO labcud</subfield><subfield code="d">CH-ZuSLS</subfield></datafield><datafield ind1=" " ind2="7" tag="072"><subfield code="a">ar</subfield><subfield code="2">rero</subfield></datafield><datafield ind1=" " ind2="7" tag="072"><subfield code="a">ba</subfield><subfield code="2">rero</subfield></datafield><datafield ind1=" " ind2="7" tag="072"><subfield code="a">ar</subfield><subfield code="2">SzZuIDS BS/BE</subfield></datafield><datafield ind1="1" ind2="4" tag="082"><subfield code="a">930</subfield><subfield code="2">15</subfield></datafield><datafield ind1="1" ind2=" " tag="100"><subfield code="a">Joly, Elda</subfield><subfield code="0">(IDREF)084179651</subfield><subfield code="4">cre</subfield></datafield><datafield ind1="1" ind2="0" tag="245"><subfield code="a">&lt;&lt;Il&gt;&gt; tempio a divinità ignota di Sabratha</subfield><subfield code="c">Elda Joly, Francesco Tomasello ; con la collab. di Salvatore Garraffo</subfield></datafield><datafield ind1=" " ind2="1" tag="264"><subfield code="a">Roma</subfield><subfield code="b">&quot;L'Erma&quot; di Breitschneider</subfield><subfield code="c">1984</subfield></datafield><datafield ind1=" " ind2=" " tag="300"><subfield code="a">III, 196 S., 1 Farbtaf., 35 Taf.</subfield><subfield code="b">Ill.</subfield><subfield code="c">30 cm</subfield><subfield code="e">14 lose Falttafeln</subfield></datafield><datafield ind1=" " ind2=" " tag="336"><subfield code="b">txt</subfield><subfield code="2">rdacontent</subfield></datafield><datafield ind1=" " ind2=" " tag="337"><subfield code="b">n</subfield><subfield code="2">rdamedia</subfield></datafield><datafield ind1=" " ind2=" " tag="338"><subfield code="b">nc</subfield><subfield code="2">rdacarrier</subfield></datafield><datafield ind1="1" ind2=" " tag="490"><subfield code="a">Monografie di archeologia libica</subfield><subfield code="v">18</subfield></datafield><datafield ind1=" " ind2="7" tag="650"><subfield code="a">Temples romains</subfield><subfield code="0">(IDREF)02859438X</subfield><subfield code="2">idref</subfield></datafield><datafield ind1=" " ind2="7" tag="650"><subfield code="a">Tempel</subfield><subfield code="z">römischer</subfield><subfield code="z">Sabratha</subfield><subfield code="2">idsbb</subfield></datafield><datafield ind1=" " ind2="4" tag="650"><subfield code="a">Ausgrabung</subfield></datafield><datafield ind1=" " ind2="4" tag="650"><subfield code="a">Tempel</subfield></datafield><datafield ind1=" " ind2="7" tag="651"><subfield code="a">Sabratha (Libye)</subfield><subfield code="0">(RERO)A010144334</subfield><subfield code="2">rero</subfield></datafield><datafield ind1=" " ind2="7" tag="651"><subfield code="a">Sabratha</subfield><subfield code="x">Tempel</subfield><subfield code="2">idsbb</subfield></datafield><datafield ind1=" " ind2="4" tag="651"><subfield code="a">Sabratha</subfield></datafield><datafield ind1="1" ind2=" " tag="700"><subfield code="a">Tomasello, Francesco</subfield><subfield code="d">1943-</subfield><subfield code="0">(DE-588)110813601X</subfield><subfield code="6">880-02</subfield></datafield><datafield ind1="1" ind2=" " tag="880"><subfield code="6">700-02</subfield><subfield code="a">Tomasello, Francesco</subfield><subfield code="d">1943-....</subfield><subfield code="0">(IDREF)028534239</subfield></datafield><datafield ind1="1" ind2=" " tag="700"><subfield code="a">Garraffo, Salvatore</subfield><subfield code="d">1950-....</subfield><subfield code="0">(IDREF)028799895</subfield></datafield><datafield ind1=" " ind2=" " tag="830"><subfield code="a">Monografie di archeologia libica</subfield><subfield code="v">18</subfield><subfield code="w">(RERO)0040279-41slsp</subfield></datafield><datafield ind1=" " ind2=" " tag="830"><subfield code="a">Monografie di archeologia libica</subfield><subfield code="v">18</subfield><subfield code="w">(NEBIS)000993678EBI01</subfield></datafield><datafield ind1=" " ind2=" " tag="900"><subfield code="a">REROnoselfmerge</subfield></datafield><datafield ind1=" " ind2=" " tag="900"><subfield code="f">IDSU2medea</subfield></datafield></record>
</metadata></record>