<record><header><identifier>oai:alma.41SLSP_UGE:991000018729705502</identifier><datestamp>2023-05-03T00:32:33Z</datestamp><setSpec>uge_bcen_RapidILL_BOOK</setSpec><setSpec>uge_aaca_RapidILL_BOOK</setSpec><setSpec>uge_abels_RapidILL_BOOK</setSpec><setSpec>uge_dbu_RapidILL_BOOK</setSpec><setSpec>uge_cmu_RapidILL_BOOK</setSpec><setSpec>uge_mail_RapidILL_BOOK</setSpec><setSpec>uge_abbat_RapidILL_BOOK</setSpec><setSpec>UNIGE_ALL</setSpec><setSpec>uge_acar_RapidILL_BOOK</setSpec><setSpec>uge_aobs_RapidILL_BOOK</setSpec></header><metadata>
<record xmlns="http://www.loc.gov/MARC21/slim" xmlns:xsi="http://www.w3.org/2001/XMLSchema-instance" xsi:schemaLocation="http://www.loc.gov/MARC21/slim http://www.loc.gov/standards/marcxml/schema/MARC21slim.xsd"><leader>01802nam a2200433 c 4500</leader><controlfield tag="001">991000018729705502</controlfield><controlfield tag="005">20230502185210.0</controlfield><controlfield tag="008">201011s1992    xxu||||| |||| 00| ||eng d</controlfield><datafield ind1=" " ind2=" " tag="020"><subfield code="a">0871698277</subfield></datafield><datafield ind1=" " ind2=" " tag="035"><subfield code="a">(swissbib)213110717-41slsp_network</subfield></datafield><datafield ind1=" " ind2=" " tag="035"><subfield code="a">213110717</subfield><subfield code="9">ExL</subfield></datafield><datafield ind1=" " ind2=" " tag="035"><subfield code="a">(RERO)1826902-41slsp</subfield></datafield><datafield ind1=" " ind2=" " tag="035"><subfield code="a">(IDSBB)000902248DSV01</subfield></datafield><datafield ind1=" " ind2=" " tag="035"><subfield code="a">(EXLNZ-41SLSP_NETWORK)991123297179705501</subfield></datafield><datafield ind1=" " ind2=" " tag="040"><subfield code="a">RERO labcud</subfield><subfield code="d">CH-ZuSLS</subfield></datafield><datafield ind1=" " ind2="7" tag="072"><subfield code="a">hm</subfield><subfield code="2">rero</subfield></datafield><datafield ind1=" " ind2="7" tag="072"><subfield code="a">ht</subfield><subfield code="2">rero</subfield></datafield><datafield ind1=" " ind2="7" tag="072"><subfield code="a">ng</subfield><subfield code="2">SzZuIDS BS/BE</subfield></datafield><datafield ind1="1" ind2="4" tag="082"><subfield code="a">900</subfield><subfield code="2">15</subfield></datafield><datafield ind1=" " ind2=" " tag="084"><subfield code="a">AX 83120</subfield><subfield code="2">rvk</subfield></datafield><datafield ind1=" " ind2=" " tag="084"><subfield code="a">AX 92500</subfield><subfield code="2">rvk</subfield></datafield><datafield ind1="1" ind2=" " tag="100"><subfield code="a">Brown, Elizabeth A.R.</subfield><subfield code="0">(RERO)A003048067</subfield><subfield code="4">cre</subfield></datafield><datafield ind1="1" ind2="0" tag="245"><subfield code="a">&quot;Franks, Burgundians, and Aquitanians&quot; and the Royal Coronation ceremony in France</subfield><subfield code="c">Elizabeth A.R. Brown</subfield></datafield><datafield ind1=" " ind2="1" tag="264"><subfield code="a">Philadelphia</subfield><subfield code="b">American Philosophical Society</subfield><subfield code="c">1992</subfield></datafield><datafield ind1=" " ind2=" " tag="300"><subfield code="a">XI, 189 p.</subfield><subfield code="b">front.</subfield><subfield code="c">26 cm</subfield></datafield><datafield ind1=" " ind2=" " tag="336"><subfield code="b">txt</subfield><subfield code="2">rdacontent</subfield></datafield><datafield ind1=" " ind2=" " tag="337"><subfield code="b">n</subfield><subfield code="2">rdamedia</subfield></datafield><datafield ind1=" " ind2=" " tag="338"><subfield code="b">nc</subfield><subfield code="2">rdacarrier</subfield></datafield><datafield ind1="1" ind2=" " tag="490"><subfield code="a">Transactions of the American Philosophical Society</subfield><subfield code="v">vol. 82, part 7</subfield></datafield><datafield ind1=" " ind2=" " tag="500"><subfield code="a">Paper presented at the International Conference on Medieval Coronations, held in Toronto in February 1985</subfield></datafield><datafield ind1=" " ind2=" " tag="500"><subfield code="a">Auszüge aus dem Manuskript &quot;ordo&quot; von Paris, Bibliothèque nationale, lat. 14192</subfield></datafield><datafield ind1="4" ind2=" " tag="510"><subfield code="a">Le moyen âge. - Bruxelles. - T. 105(1999), no 3-4, p. 846 (Jean Flori)</subfield></datafield><datafield ind1=" " ind2="7" tag="650"><subfield code="a">Prière</subfield><subfield code="0">(IDREF)027245284</subfield><subfield code="2">idref</subfield></datafield><datafield ind1=" " ind2="7" tag="650"><subfield code="a">sacre (cérémonie)</subfield><subfield code="0">(RERO)A010025888</subfield><subfield code="2">rerovoc</subfield></datafield><datafield ind1=" " ind2="7" tag="650"><subfield code="a">13e siècle-18e siècle</subfield><subfield code="2">idref</subfield></datafield><datafield ind1=" " ind2="7" tag="650"><subfield code="a">Krönungsritual</subfield><subfield code="z">Frankreich</subfield><subfield code="y">Geschichte</subfield><subfield code="2">idsbb</subfield></datafield><datafield ind1=" " ind2="7" tag="651"><subfield code="a">France</subfield><subfield code="0">(IDREF)027226794</subfield><subfield code="2">idref</subfield></datafield><datafield ind1=" " ind2=" " tag="830"><subfield code="a">Transactions of the American Philosophical Society</subfield><subfield code="v">82/7</subfield><subfield code="w">(IDSBB)000025519DSV01</subfield></datafield><datafield ind1=" " ind2=" " tag="830"><subfield code="a">Transactions of the American Philosophical Society</subfield><subfield code="v">82,7</subfield><subfield code="w">(RERO)0068661-41slsp</subfield></datafield><datafield ind1=" " ind2=" " tag="900"><subfield code="a">REROnoselfmerge</subfield></datafield></record>
</metadata></record>