<record><header><identifier>oai:alma.41SLSP_UGE:991000018959705502</identifier><datestamp>2023-06-27T00:14:22Z</datestamp><setSpec>uge_bcen_RapidILL_BOOK</setSpec><setSpec>uge_aaca_RapidILL_BOOK</setSpec><setSpec>uge_abels_RapidILL_BOOK</setSpec><setSpec>uge_dbu_RapidILL_BOOK</setSpec><setSpec>uge_cmu_RapidILL_BOOK</setSpec><setSpec>uge_mail_RapidILL_BOOK</setSpec><setSpec>uge_abbat_RapidILL_BOOK</setSpec><setSpec>UNIGE_ALL</setSpec><setSpec>uge_aobs_RapidILL_BOOK</setSpec><setSpec>uge_acar_RapidILL_BOOK</setSpec></header><metadata>
<record xmlns="http://www.loc.gov/MARC21/slim" xmlns:xsi="http://www.w3.org/2001/XMLSchema-instance" xsi:schemaLocation="http://www.loc.gov/MARC21/slim http://www.loc.gov/standards/marcxml/schema/MARC21slim.xsd"><leader>02168nam a2200349 c 4500</leader><controlfield tag="001">991000018959705502</controlfield><controlfield tag="005">20230625135739.0</controlfield><controlfield tag="008">100624s2009    ru ||||| |||| 00| ||rus d</controlfield><datafield ind1=" " ind2=" " tag="020"><subfield code="a">9785462009747</subfield></datafield><datafield ind1="7" ind2=" " tag="024"><subfield code="a">http://catalogue.bnf.fr/ark:/12148/cb450282540</subfield><subfield code="2">uri</subfield></datafield><datafield ind1=" " ind2=" " tag="035"><subfield code="a">(swissbib)110525035-41slsp_network</subfield></datafield><datafield ind1=" " ind2=" " tag="035"><subfield code="a">110525035</subfield><subfield code="9">ExL</subfield></datafield><datafield ind1=" " ind2=" " tag="035"><subfield code="a">(RERO)R005474988-41slsp</subfield></datafield><datafield ind1=" " ind2=" " tag="035"><subfield code="a">(EXLNZ-41SLSP_NETWORK)991025228679705501</subfield></datafield><datafield ind1=" " ind2=" " tag="040"><subfield code="a">RERO geulru</subfield><subfield code="d">CH-ZuSLS</subfield></datafield><datafield ind1=" " ind2="7" tag="072"><subfield code="a">ru</subfield><subfield code="2">rero</subfield></datafield><datafield ind1="1" ind2=" " tag="100"><subfield code="6">880-01</subfield><subfield code="a">Somov, Valeri P.</subfield><subfield code="0">(IDREF)087245221</subfield><subfield code="4">cre</subfield></datafield><datafield ind1="1" ind2=" " tag="880"><subfield code="6">100-01/(N</subfield><subfield code="a">Сомов, Валерий Павлович</subfield></datafield><datafield ind1="1" ind2="0" tag="245"><subfield code="6">880-02</subfield><subfield code="a">Slovarʹ inoskazaniĭ Pushkina</subfield><subfield code="c">V.P. Somov</subfield></datafield><datafield ind1="1" ind2="0" tag="880"><subfield code="6">245-02/(N</subfield><subfield code="a">Словарь иносказаний Пушкина</subfield><subfield code="c">В.П. Сомов</subfield></datafield><datafield ind1="1" ind2=" " tag="246"><subfield code="a">Slovarʹ inoskazanij Puškina / V.P. Somov</subfield></datafield><datafield ind1=" " ind2="1" tag="264"><subfield code="6">880-03</subfield><subfield code="a">Moskva</subfield><subfield code="b">Ast-Press</subfield><subfield code="c">2009</subfield></datafield><datafield ind1=" " ind2="1" tag="880"><subfield code="6">264-03/(N</subfield><subfield code="a">Москва</subfield><subfield code="b">Аст-Пресс</subfield><subfield code="c">2009</subfield></datafield><datafield ind1=" " ind2=" " tag="300"><subfield code="a">397 p.</subfield></datafield><datafield ind1=" " ind2=" " tag="336"><subfield code="b">txt</subfield><subfield code="2">rdacontent</subfield></datafield><datafield ind1=" " ind2=" " tag="337"><subfield code="b">n</subfield><subfield code="2">rdamedia</subfield></datafield><datafield ind1=" " ind2=" " tag="338"><subfield code="b">nc</subfield><subfield code="2">rdacarrier</subfield></datafield><datafield ind1="0" ind2=" " tag="490"><subfield code="6">880-04</subfield><subfield code="a">Programma &quot;Slovari XXI veka&quot;</subfield></datafield><datafield ind1="0" ind2=" " tag="880"><subfield code="6">490-04/(N</subfield><subfield code="a">Программа &quot;Словари XXI века&quot;</subfield></datafield><datafield ind1="0" ind2=" " tag="490"><subfield code="6">880-05</subfield><subfield code="a">Slovari dlja intellektualnych gurmanov</subfield></datafield><datafield ind1="0" ind2=" " tag="880"><subfield code="6">490-05/(N</subfield><subfield code="a">Словари для интеллектуалных гурманов</subfield></datafield><datafield ind1="1" ind2="7" tag="600"><subfield code="a">Pouchkine, Alexandre Sergueïevitch</subfield><subfield code="d">1799-1837</subfield><subfield code="0">(IDREF)028188012</subfield><subfield code="2">idref</subfield></datafield><datafield ind1=" " ind2="7" tag="655"><subfield code="a">Dictionnaires</subfield><subfield code="2">idref</subfield><subfield code="0">(IDREF)027232050</subfield></datafield></record>
</metadata></record>