<record><header><identifier>oai:alma.41SLSP_UGE:991000019059705502</identifier><datestamp>2023-06-07T00:11:21Z</datestamp><setSpec>uge_cmu_RapidILL_JOURNAL</setSpec><setSpec>uge_aobs_RapidILL_JOURNAL</setSpec><setSpec>uge_aaca_RapidILL_JOURNAL</setSpec><setSpec>uge_bcen_RapidILL_JOURNAL</setSpec><setSpec>uge_abbat_RapidILL_JOURNAL</setSpec><setSpec>uge_dbu_RapidILL_JOURNAL</setSpec><setSpec>uge_mail_RapidILL_JOURNAL</setSpec><setSpec>uge_abels_RapidILL_JOURNAL</setSpec><setSpec>UNIGE_ALL</setSpec><setSpec>uge_acar_RapidILL_JOURNAL</setSpec></header><metadata>
<record xmlns="http://www.loc.gov/MARC21/slim" xmlns:xsi="http://www.w3.org/2001/XMLSchema-instance" xsi:schemaLocation="http://www.loc.gov/MARC21/slim http://www.loc.gov/standards/marcxml/schema/MARC21slim.xsd"><leader>01168nas a2200337uc 4500</leader><controlfield tag="001">991000019059705502</controlfield><controlfield tag="005">20230606173130.0</controlfield><controlfield tag="008">201012c19879999xxk|| p|      0   ||eng|d</controlfield><datafield ind1=" " ind2=" " tag="022"><subfield code="a">0954-3600</subfield></datafield><datafield ind1=" " ind2=" " tag="035"><subfield code="a">(swissbib)238242455-41slsp_network</subfield></datafield><datafield ind1=" " ind2=" " tag="035"><subfield code="a">238242455</subfield><subfield code="9">ExL</subfield></datafield><datafield ind1=" " ind2=" " tag="035"><subfield code="a">(NEBIS)000522710EBI01</subfield></datafield><datafield ind1=" " ind2=" " tag="035"><subfield code="a">(RERO)1295994-41slsp</subfield></datafield><datafield ind1=" " ind2=" " tag="035"><subfield code="a">(EXLNZ-41SLSP_NETWORK)991136596399705501</subfield></datafield><datafield ind1=" " ind2=" " tag="040"><subfield code="a">ETH-BIB</subfield><subfield code="b">ger</subfield><subfield code="e">ETHICS-ISBD</subfield><subfield code="d">CH-ZuSLS</subfield></datafield><datafield ind1=" " ind2="7" tag="072"><subfield code="a">in</subfield><subfield code="2">rero</subfield></datafield><datafield ind1="0" ind2=" " tag="210"><subfield code="a">CD-ROM newsl.</subfield><subfield code="b">Alton</subfield></datafield><datafield ind1="0" ind2="0" tag="245"><subfield code="a">CD-ROM Newsletter</subfield><subfield code="c">microinfo ltd.</subfield></datafield><datafield ind1="1" ind2=" " tag="246"><subfield code="a">Microinfo CD-ROM Newsletter</subfield></datafield><datafield ind1=" " ind2="1" tag="264"><subfield code="a">Alton</subfield><subfield code="b">Microinfo Ltd.</subfield><subfield code="c">1987-</subfield></datafield><datafield ind1=" " ind2=" " tag="300"><subfield code="c">30 cm</subfield></datafield><datafield ind1=" " ind2=" " tag="310"><subfield code="a">Erscheinungsweise: zweimonatlich</subfield></datafield><datafield ind1=" " ind2=" " tag="336"><subfield code="b">txt</subfield><subfield code="2">rdacontent</subfield></datafield><datafield ind1=" " ind2=" " tag="337"><subfield code="b">n</subfield><subfield code="2">rdamedia</subfield></datafield><datafield ind1=" " ind2=" " tag="338"><subfield code="b">nc</subfield><subfield code="2">rdacarrier</subfield></datafield><datafield ind1="0" ind2=" " tag="362"><subfield code="a">1987-1988 = no. 1-no.5 ; vol. 2 (Jan./Febr. 1989)-</subfield></datafield><datafield ind1=" " ind2=" " tag="500"><subfield code="a">Variante de titre: Microinfo cd-rom newsletter</subfield></datafield><datafield ind1=" " ind2="7" tag="650"><subfield code="a">COMPACT DISCS + CD-ROMS (HARDWARE)</subfield><subfield code="9">ger</subfield><subfield code="0">(ETHUDK)000041514</subfield><subfield code="2">ethudk</subfield></datafield><datafield ind1=" " ind2="7" tag="650"><subfield code="a">Documentation</subfield><subfield code="0">(IDREF)027287300</subfield><subfield code="2">idref</subfield></datafield><datafield ind1=" " ind2="7" tag="650"><subfield code="a">Cédéroms</subfield><subfield code="0">(IDREF)029358612</subfield><subfield code="2">idref</subfield></datafield><datafield ind1=" " ind2="7" tag="655"><subfield code="a">Périodiques</subfield><subfield code="0">(IDREF)02724640X</subfield><subfield code="2">idref</subfield></datafield><datafield ind1="2" ind2=" " tag="710"><subfield code="a">Microinfo ltd</subfield><subfield code="g">Alton</subfield><subfield code="0">(DE-588)1086805585</subfield></datafield></record>
</metadata></record>