<record><header><identifier>oai:alma.41SLSP_UGE:991000018639705502</identifier><datestamp>2024-09-02T00:05:35Z</datestamp><setSpec>uge_bcen_RapidILL_BOOK</setSpec><setSpec>uge_aaca_RapidILL_BOOK</setSpec><setSpec>uge_abels_RapidILL_BOOK</setSpec><setSpec>uge_dbu_RapidILL_BOOK</setSpec><setSpec>uge_cmu_RapidILL_BOOK</setSpec><setSpec>uge_mail_RapidILL_BOOK</setSpec><setSpec>uge_abbat_RapidILL_BOOK</setSpec><setSpec>UNIGE_ALL</setSpec><setSpec>uge_acar_RapidILL_BOOK</setSpec><setSpec>uge_aobs_RapidILL_BOOK</setSpec></header><metadata>
<record xmlns="http://www.loc.gov/MARC21/slim" xmlns:xsi="http://www.w3.org/2001/XMLSchema-instance" xsi:schemaLocation="http://www.loc.gov/MARC21/slim http://www.loc.gov/standards/marcxml/schema/MARC21slim.xsd"><leader>02103nam a2200517 c 4500</leader><controlfield tag="001">991000018639705502</controlfield><controlfield tag="005">20230327200448.0</controlfield><controlfield tag="008">201012t19951995sz ||||| |||| 00| ||eng d</controlfield><datafield ind1=" " ind2=" " tag="020"><subfield code="a">390777034X</subfield></datafield><datafield ind1=" " ind2=" " tag="035"><subfield code="a">(swissbib)232893896-41slsp_network</subfield></datafield><datafield ind1=" " ind2=" " tag="035"><subfield code="a">232893896</subfield><subfield code="9">ExL</subfield></datafield><datafield ind1=" " ind2=" " tag="035"><subfield code="a">(RERO)2122092-41slsp</subfield></datafield><datafield ind1=" " ind2=" " tag="035"><subfield code="a">(IDSBB)001110154DSV01</subfield></datafield><datafield ind1=" " ind2=" " tag="035"><subfield code="a">(NEBIS)001494908EBI01</subfield></datafield><datafield ind1=" " ind2=" " tag="035"><subfield code="a">(ALEX)bv001287458</subfield></datafield><datafield ind1=" " ind2=" " tag="035"><subfield code="a">(EXLNZ-41SLSP_NETWORK)991027296409705501</subfield></datafield><datafield ind1=" " ind2=" " tag="040"><subfield code="a">RERO frbcuc</subfield><subfield code="b">ger</subfield><subfield code="d">CH-ZuSLS</subfield><subfield code="e">rda</subfield></datafield><datafield ind1=" " ind2="7" tag="072"><subfield code="a">pa</subfield><subfield code="2">rero</subfield></datafield><datafield ind1=" " ind2="7" tag="072"><subfield code="a">pm</subfield><subfield code="2">SzZuIDS BS/BE</subfield></datafield><datafield ind1="1" ind2="4" tag="082"><subfield code="a">615</subfield><subfield code="2">15</subfield></datafield><datafield ind1="0" ind2="0" tag="245"><subfield code="a">University and industry</subfield><subfield code="b">partners in pharmaceutical research : seminars in Europe 1992-1994</subfield><subfield code="c">edited by Jürgen Drews and Albert Fischli</subfield></datafield><datafield ind1=" " ind2="1" tag="264"><subfield code="a">Basel</subfield><subfield code="b">Editiones Roche</subfield><subfield code="c">[1995]</subfield></datafield><datafield ind1=" " ind2="4" tag="264"><subfield code="c">© 1995</subfield></datafield><datafield ind1=" " ind2=" " tag="300"><subfield code="a">187 Seiten</subfield><subfield code="b">Illustrationen</subfield><subfield code="c">25 cm</subfield></datafield><datafield ind1=" " ind2=" " tag="336"><subfield code="b">txt</subfield><subfield code="2">rdacontent</subfield></datafield><datafield ind1=" " ind2=" " tag="337"><subfield code="b">n</subfield><subfield code="2">rdamedia</subfield></datafield><datafield ind1=" " ind2=" " tag="338"><subfield code="b">nc</subfield><subfield code="2">rdacarrier</subfield></datafield><datafield ind1=" " ind2=" " tag="500"><subfield code="a">Titel der dt. Ausg.: Universität und Industrie</subfield></datafield><datafield ind1=" " ind2="2" tag="650"><subfield code="a">Universities</subfield></datafield><datafield ind1=" " ind2="2" tag="650"><subfield code="a">Drug Industry</subfield></datafield><datafield ind1=" " ind2="2" tag="650"><subfield code="a">Research</subfield></datafield><datafield ind1=" " ind2="7" tag="650"><subfield code="a">collaboration</subfield><subfield code="0">(RERO)A010066308</subfield><subfield code="2">rerovoc</subfield></datafield><datafield ind1=" " ind2="7" tag="650"><subfield code="a">Industrie</subfield><subfield code="0">(IDREF)027790215</subfield><subfield code="2">idref</subfield></datafield><datafield ind1=" " ind2="7" tag="650"><subfield code="a">Médicaments</subfield><subfield code="0">(IDREF)027239144</subfield><subfield code="2">idref</subfield></datafield><datafield ind1=" " ind2="7" tag="650"><subfield code="a">Recherche</subfield><subfield code="0">(IDREF)027315754</subfield><subfield code="2">idref</subfield></datafield><datafield ind1=" " ind2="7" tag="650"><subfield code="a">Universités</subfield><subfield code="0">(IDREF)027254879</subfield><subfield code="2">idref</subfield></datafield><datafield ind1=" " ind2="7" tag="650"><subfield code="a">IMMUNREAKTION + IMMUNANTWORT (IMMUNOLOGIE)</subfield><subfield code="9">ger</subfield><subfield code="0">(ETHUDK)000038618</subfield><subfield code="2">ethudk</subfield></datafield><datafield ind1=" " ind2="7" tag="650"><subfield code="a">MEDIKAMENTE ZUR BEHANDLUNG VON AIDS</subfield><subfield code="9">ger</subfield><subfield code="0">(ETHUDK)000045368</subfield><subfield code="2">ethudk</subfield></datafield><datafield ind1=" " ind2="7" tag="650"><subfield code="a">PHARMAZEUTISCHE FORSCHUNG</subfield><subfield code="9">ger</subfield><subfield code="0">(ETHUDK)000043315</subfield><subfield code="2">ethudk</subfield></datafield><datafield ind1=" " ind2="7" tag="650"><subfield code="a">RETINOIDE (BIOCHEMIE)</subfield><subfield code="9">ger</subfield><subfield code="0">(ETHUDK)000022615</subfield><subfield code="2">ethudk</subfield></datafield><datafield ind1=" " ind2="7" tag="650"><subfield code="a">TUMOREN + ONKOLOGIE + KREBS (MEDIZIN)</subfield><subfield code="9">ger</subfield><subfield code="0">(ETHUDK)000026970</subfield><subfield code="2">ethudk</subfield></datafield><datafield ind1=" " ind2="7" tag="650"><subfield code="a">TUMORNEKROSEFAKTOR (IMMUNOLOGIE)</subfield><subfield code="9">ger</subfield><subfield code="0">(ETHUDK)000040120</subfield><subfield code="2">ethudk</subfield></datafield><datafield ind1=" " ind2="2" tag="655"><subfield code="a">Congress</subfield></datafield><datafield ind1=" " ind2="7" tag="655"><subfield code="a">[Études diverses]</subfield><subfield code="0">(RERO)A022249905</subfield><subfield code="2">rero</subfield></datafield><datafield ind1="1" ind2=" " tag="700"><subfield code="a">Fischli, Albert</subfield><subfield code="d">1940-</subfield><subfield code="4">edt</subfield><subfield code="0">(DE-588)1145385508</subfield></datafield><datafield ind1="1" ind2=" " tag="700"><subfield code="6">880-01</subfield><subfield code="a">Drews, Jürgen</subfield><subfield code="d">1933-....</subfield><subfield code="0">(IDREF)061093335</subfield></datafield><datafield ind1="1" ind2=" " tag="880"><subfield code="a">Drews, Jürgen</subfield><subfield code="d">1933-2024</subfield><subfield code="6">700-01/(B</subfield><subfield code="4">edt</subfield><subfield code="0">(DE-588)121236056</subfield></datafield><datafield ind1=" " ind2=" " tag="900"><subfield code="a">REROnoselfmerge</subfield></datafield></record>
</metadata></record>