<record><header><identifier>oai:alma.41SLSP_UGE:991000019259705502</identifier><datestamp>2023-03-29T00:15:40Z</datestamp><setSpec>uge_bcen_RapidILL_BOOK</setSpec><setSpec>uge_aaca_RapidILL_BOOK</setSpec><setSpec>uge_abels_RapidILL_BOOK</setSpec><setSpec>uge_dbu_RapidILL_BOOK</setSpec><setSpec>uge_cmu_RapidILL_BOOK</setSpec><setSpec>uge_mail_RapidILL_BOOK</setSpec><setSpec>uge_abbat_RapidILL_BOOK</setSpec><setSpec>UNIGE_ALL</setSpec><setSpec>uge_aobs_RapidILL_BOOK</setSpec><setSpec>uge_acar_RapidILL_BOOK</setSpec></header><metadata>
<record xmlns="http://www.loc.gov/MARC21/slim" xmlns:xsi="http://www.w3.org/2001/XMLSchema-instance" xsi:schemaLocation="http://www.loc.gov/MARC21/slim http://www.loc.gov/standards/marcxml/schema/MARC21slim.xsd"><leader>03617nam a2200757 c 4500</leader><controlfield tag="001">991000019259705502</controlfield><controlfield tag="005">20230328202709.0</controlfield><controlfield tag="008">201012s2019    ne a     b||| 000 0 eng| </controlfield><datafield ind1=" " ind2=" " tag="010"><subfield code="a">2019014478</subfield></datafield><datafield ind1=" " ind2=" " tag="020"><subfield code="a">9789004399334</subfield><subfield code="q">paperback</subfield></datafield><datafield ind1=" " ind2=" " tag="020"><subfield code="a">900439933X</subfield></datafield><datafield ind1=" " ind2=" " tag="035"><subfield code="a">(swissbib)240150589-41slsp_network</subfield></datafield><datafield ind1=" " ind2=" " tag="035"><subfield code="a">240150589</subfield><subfield code="9">ExL</subfield></datafield><datafield ind1=" " ind2=" " tag="035"><subfield code="a">(IDSBB)007108636DSV01</subfield></datafield><datafield ind1=" " ind2=" " tag="035"><subfield code="a">(RERO)R008947072-41slsp</subfield></datafield><datafield ind1=" " ind2=" " tag="035"><subfield code="a">(OCoLC)1085785488</subfield></datafield><datafield ind1=" " ind2=" " tag="035"><subfield code="a">(EXLNZ-41SLSP_NETWORK)991072701949705501</subfield></datafield><datafield ind1=" " ind2=" " tag="040"><subfield code="a">DLC</subfield><subfield code="b">ger</subfield><subfield code="e">rda</subfield><subfield code="d">CH-ZuSLS</subfield></datafield><datafield ind1="0" ind2=" " tag="041"><subfield code="a">eng</subfield><subfield code="a">fre</subfield></datafield><datafield ind1=" " ind2=" " tag="042"><subfield code="a">pcc</subfield></datafield><datafield ind1="0" ind2="0" tag="050"><subfield code="a">P281</subfield><subfield code="b">.C765 2019</subfield></datafield><datafield ind1=" " ind2="4" tag="050"><subfield code="a">P121-143.3</subfield></datafield><datafield ind1=" " ind2="7" tag="072"><subfield code="a">lg</subfield><subfield code="2">rero</subfield></datafield><datafield ind1="0" ind2="0" tag="082"><subfield code="a">415/.63</subfield><subfield code="2">23</subfield></datafield><datafield ind1="0" ind2="4" tag="082"><subfield code="a">410</subfield></datafield><datafield ind1="1" ind2="4" tag="082"><subfield code="a">400</subfield><subfield code="2">15</subfield></datafield><datafield ind1=" " ind2=" " tag="084"><subfield code="a">ET 660</subfield><subfield code="2">rvk</subfield></datafield><datafield ind1=" " ind2=" " tag="084"><subfield code="a">ES 460</subfield><subfield code="2">rvk</subfield></datafield><datafield ind1="0" ind2="0" tag="245"><subfield code="a">Cross-linguistic perspectives on the semantics of grammatical aspect</subfield><subfield code="c">edited by Adeline Patard, Rea Peltola, Emmanuelle Roussel</subfield></datafield><datafield ind1=" " ind2="1" tag="264"><subfield code="a">Leiden</subfield><subfield code="b">Brill Rodopi</subfield><subfield code="c">[2019]</subfield></datafield><datafield ind1=" " ind2="4" tag="264"><subfield code="c">© 2019</subfield></datafield><datafield ind1=" " ind2=" " tag="300"><subfield code="a">VI, 281 Seiten</subfield><subfield code="b">Illustrationen</subfield></datafield><datafield ind1=" " ind2=" " tag="336"><subfield code="b">txt</subfield><subfield code="2">rdacontent</subfield></datafield><datafield ind1=" " ind2=" " tag="337"><subfield code="b">n</subfield><subfield code="2">rdamedia</subfield></datafield><datafield ind1=" " ind2=" " tag="338"><subfield code="b">nc</subfield><subfield code="2">rdacarrier</subfield></datafield><datafield ind1="1" ind2=" " tag="490"><subfield code="a">Cahiers chronos</subfield><subfield code="v">Volume 30</subfield></datafield><datafield ind1=" " ind2=" " tag="500"><subfield code="a">Texte majoritairement en anglais, quelques contributions en français</subfield></datafield><datafield ind1=" " ind2=" " tag="504"><subfield code="a">Includes bibliographical references</subfield></datafield><datafield ind1="8" ind2=" " tag="520"><subfield code="a">The volume proposes original semantic analyses on items marking grammatical aspect. The contributions deal with structurally divergent languages, setting to the fore some less studied forms coding aspect, revisiting or challenging certain conventionalized views on aspectual categories and shedding light on interactions between aspect and modality, another multifaceted semantic category. In doing so, the volume is intended to emphasize the diversity of aspectual systems and the fuzzy semantics of grammatical aspect and help the reader to make their own mind on a topic traditionally viewed as a subcategory of verbal aspect together with lexical aspect.</subfield></datafield><datafield ind1=" " ind2=" " tag="546"><subfield code="a">Beiträge hauptsächlich englisch, einige französisch</subfield></datafield><datafield ind1=" " ind2="7" tag="650"><subfield code="a">Aspekt</subfield><subfield code="g">Linguistik</subfield><subfield code="0">(DE-588)4068892-6</subfield><subfield code="2">gnd</subfield></datafield><datafield ind1=" " ind2="7" tag="650"><subfield code="a">Grammatikalisation</subfield><subfield code="0">(DE-588)4277030-0</subfield><subfield code="2">gnd</subfield></datafield><datafield ind1=" " ind2="7" tag="650"><subfield code="a">Kontrastive Linguistik</subfield><subfield code="0">(DE-588)4073708-1</subfield><subfield code="2">gnd</subfield></datafield><datafield ind1=" " ind2="7" tag="650"><subfield code="a">Modalität</subfield><subfield code="g">Linguistik</subfield><subfield code="0">(DE-588)4155830-3</subfield><subfield code="2">gnd</subfield></datafield><datafield ind1=" " ind2="7" tag="650"><subfield code="a">Semantik</subfield><subfield code="0">(DE-588)4054490-4</subfield><subfield code="2">gnd</subfield></datafield><datafield ind1=" " ind2="7" tag="650"><subfield code="a">Tempus</subfield><subfield code="0">(DE-588)4059446-4</subfield><subfield code="2">gnd</subfield></datafield><datafield ind1=" " ind2="0" tag="650"><subfield code="a">Grammar, Comparative and general</subfield><subfield code="x">Aspect</subfield></datafield><datafield ind1=" " ind2="0" tag="650"><subfield code="a">Grammar, Comparative and general</subfield><subfield code="x">Tense</subfield></datafield><datafield ind1=" " ind2="0" tag="650"><subfield code="a">Grammar, Comparative and general</subfield><subfield code="x">Verb</subfield></datafield><datafield ind1=" " ind2="0" tag="650"><subfield code="a">Modality (Linguistics)</subfield></datafield><datafield ind1=" " ind2="7" tag="650"><subfield code="a">Grammar, Comparative and general</subfield><subfield code="x">Aspect</subfield><subfield code="2">fast</subfield></datafield><datafield ind1=" " ind2="7" tag="650"><subfield code="a">Grammar, Comparative and general</subfield><subfield code="x">Tense</subfield><subfield code="2">fast</subfield></datafield><datafield ind1=" " ind2="7" tag="650"><subfield code="a">Grammar, Comparative and general</subfield><subfield code="x">Verb</subfield><subfield code="2">fast</subfield></datafield><datafield ind1=" " ind2="7" tag="650"><subfield code="a">Modality (Linguistics)</subfield><subfield code="2">fast</subfield></datafield><datafield ind1=" " ind2="7" tag="650"><subfield code="a">Grammaire comparée</subfield><subfield code="0">(IDREF)027801683</subfield><subfield code="2">idref</subfield></datafield><datafield ind1=" " ind2="7" tag="650"><subfield code="a">Sémantique</subfield><subfield code="0">(IDREF)027248607</subfield><subfield code="2">idref</subfield></datafield><datafield ind1=" " ind2="7" tag="650"><subfield code="a">Aspect (linguistique)</subfield><subfield code="0">(IDREF)027582221</subfield><subfield code="2">idref</subfield></datafield><datafield ind1=" " ind2="7" tag="655"><subfield code="a">Aufsatzsammlung</subfield><subfield code="2">gnd-content</subfield></datafield><datafield ind1=" " ind2="0" tag="655"><subfield code="a">Electronic books</subfield></datafield><datafield ind1=" " ind2="7" tag="655"><subfield code="a">[Études diverses]</subfield><subfield code="0">(RERO)A022249905</subfield><subfield code="2">rero</subfield></datafield><datafield ind1="1" ind2=" " tag="700"><subfield code="6">880-02</subfield><subfield code="a">Patard, Adeline</subfield><subfield code="0">(DE-588)1192020H</subfield><subfield code="e">Herausgeber</subfield><subfield code="4">edt</subfield></datafield><datafield ind1="1" ind2=" " tag="880"><subfield code="6">700-02</subfield><subfield code="a">Patard, Adeline</subfield><subfield code="c">enseignante-chercheuse en linguistique</subfield><subfield code="d">1980-....</subfield><subfield code="0">(IDREF)121276775</subfield><subfield code="4">edt</subfield></datafield><datafield ind1="4" ind2=" " tag="856"><subfield code="3">Inhaltsverzeichnis</subfield><subfield code="u">http://www.ub.unibas.ch/tox/IDSBB/007108636/PDF</subfield><subfield code="q">pdf</subfield></datafield><datafield ind1=" " ind2="0" tag="830"><subfield code="a">Cahiers Chronos</subfield><subfield code="v">30</subfield><subfield code="w">(IDSBB)001348315DSV01</subfield></datafield><datafield ind1=" " ind2=" " tag="900"><subfield code="a">REROnoselfmerge</subfield></datafield><datafield ind1=" " ind2=" " tag="910"><subfield code="a">OCoLC</subfield><subfield code="b">20190722</subfield><subfield code="c">Réutilisation sous conditions: Licence ODC-BY</subfield></datafield><datafield ind1=" " ind2=" " tag="949"><subfield code="a">http://www.ub.unibas.ch/tox/IDSBB/007108636/PDF</subfield></datafield></record>
</metadata></record>