<record><header><identifier>oai:alma.41SLSP_UGE:991000019469705502</identifier><datestamp>2023-04-10T00:16:30Z</datestamp><setSpec>uge_bcen_RapidILL_BOOK</setSpec><setSpec>uge_aaca_RapidILL_BOOK</setSpec><setSpec>uge_abels_RapidILL_BOOK</setSpec><setSpec>uge_dbu_RapidILL_BOOK</setSpec><setSpec>uge_cmu_RapidILL_BOOK</setSpec><setSpec>uge_mail_RapidILL_BOOK</setSpec><setSpec>uge_abbat_RapidILL_BOOK</setSpec><setSpec>UNIGE_ALL</setSpec><setSpec>uge_aobs_RapidILL_BOOK</setSpec><setSpec>uge_acar_RapidILL_BOOK</setSpec></header><metadata>
<record xmlns="http://www.loc.gov/MARC21/slim" xmlns:xsi="http://www.w3.org/2001/XMLSchema-instance" xsi:schemaLocation="http://www.loc.gov/MARC21/slim http://www.loc.gov/standards/marcxml/schema/MARC21slim.xsd"><leader>01038naa a2200241 c 4500</leader><controlfield tag="001">991000019469705502</controlfield><controlfield tag="005">20230409172834.0</controlfield><controlfield tag="008">061218s2006    fr ||||| |||| 00| ||fre d</controlfield><datafield ind1=" " ind2=" " tag="035"><subfield code="a">(swissbib)104553995-41slsp_network</subfield></datafield><datafield ind1=" " ind2=" " tag="035"><subfield code="a">104553995</subfield><subfield code="9">ExL</subfield></datafield><datafield ind1=" " ind2=" " tag="035"><subfield code="a">(RERO)R004300070-41slsp</subfield></datafield><datafield ind1=" " ind2=" " tag="035"><subfield code="a">(EXLNZ-41SLSP_NETWORK)991064853519705501</subfield></datafield><datafield ind1=" " ind2=" " tag="040"><subfield code="a">RERO geuarc</subfield><subfield code="d">CH-ZuSLS</subfield></datafield><datafield ind1=" " ind2="7" tag="072"><subfield code="a">at</subfield><subfield code="2">rero</subfield></datafield><datafield ind1="1" ind2=" " tag="100"><subfield code="a">Grandvoinnet, Philippe</subfield><subfield code="d">1978-....</subfield><subfield code="0">(IDREF)146772059</subfield><subfield code="4">cre</subfield></datafield><datafield ind1="1" ind2="0" tag="245"><subfield code="a">&lt;&lt;La&gt;&gt; reconversion du sanatorium Martel de Janville</subfield><subfield code="b">prescriptions pour un projet de sauvegarde</subfield><subfield code="c">Philippe Grandvoinnet</subfield></datafield><datafield ind1=" " ind2=" " tag="336"><subfield code="b">txt</subfield><subfield code="2">rdacontent</subfield></datafield><datafield ind1=" " ind2=" " tag="337"><subfield code="b">n</subfield><subfield code="2">rdamedia</subfield></datafield><datafield ind1=" " ind2=" " tag="338"><subfield code="b">nc</subfield><subfield code="2">rdacarrier</subfield></datafield><datafield ind1=" " ind2=" " tag="580"><subfield code="a">In: Les &quot;quinze glorieuses de l'architecture sanatoriale&quot;. - Passy : CREHA, 2006. - P. 132-137</subfield></datafield><datafield ind1=" " ind2="7" tag="650"><subfield code="a">Sanatoriums</subfield><subfield code="0">(IDREF)027828220</subfield><subfield code="2">idref</subfield></datafield><datafield ind1=" " ind2="7" tag="651"><subfield code="a">Passy (France, Haute-Savoie)</subfield><subfield code="0">(RERO)A010129056</subfield><subfield code="2">rero</subfield></datafield><datafield ind1="0" ind2=" " tag="773"><subfield code="t">&quot;Quinze glorieuses de l'architecture sanatoriale&quot; : programme phare du mouvement moderne : Passy - le plateau d'Assy, 1926-2006</subfield><subfield code="g">132</subfield></datafield><datafield ind1=" " ind2=" " tag="900"><subfield code="a">REROnoselfmerge</subfield></datafield></record>
</metadata></record>