<record><header><identifier>oai:alma.41SLSP_UGE:991000018969705502</identifier><datestamp>2023-03-01T01:09:12Z</datestamp><setSpec>uge_bcen_RapidILL_BOOK</setSpec><setSpec>uge_aaca_RapidILL_BOOK</setSpec><setSpec>uge_abels_RapidILL_BOOK</setSpec><setSpec>uge_dbu_RapidILL_BOOK</setSpec><setSpec>uge_cmu_RapidILL_BOOK</setSpec><setSpec>uge_mail_RapidILL_BOOK</setSpec><setSpec>UNIGE_ALL</setSpec><setSpec>uge_abbat_RapidILL_BOOK</setSpec><setSpec>uge_aobs_RapidILL_BOOK</setSpec><setSpec>uge_acar_RapidILL_BOOK</setSpec></header><metadata>
<record xmlns="http://www.loc.gov/MARC21/slim" xmlns:xsi="http://www.w3.org/2001/XMLSchema-instance" xsi:schemaLocation="http://www.loc.gov/MARC21/slim http://www.loc.gov/standards/marcxml/schema/MARC21slim.xsd"><leader>01128nam a2200277 c 4500</leader><controlfield tag="001">991000018969705502</controlfield><controlfield tag="005">20201227140943.0</controlfield><controlfield tag="008">961030s1987    xxk||||| |||| 10| ||eng d</controlfield><datafield ind1=" " ind2=" " tag="020"><subfield code="a">0080355951</subfield></datafield><datafield ind1=" " ind2=" " tag="035"><subfield code="a">(swissbib)091835844-41slsp_network</subfield></datafield><datafield ind1=" " ind2=" " tag="035"><subfield code="a">091835844</subfield><subfield code="9">ExL</subfield></datafield><datafield ind1=" " ind2=" " tag="035"><subfield code="a">(RERO)2278197-41slsp</subfield></datafield><datafield ind1=" " ind2=" " tag="035"><subfield code="a">(EXLNZ-41SLSP_NETWORK)991121702989705501</subfield></datafield><datafield ind1=" " ind2=" " tag="040"><subfield code="a">RERO geuceh</subfield><subfield code="d">CH-ZuSLS</subfield></datafield><datafield ind1=" " ind2="7" tag="072"><subfield code="a">ch</subfield><subfield code="2">rero</subfield></datafield><datafield ind1=" " ind2="7" tag="072"><subfield code="a">bi</subfield><subfield code="2">rero</subfield></datafield><datafield ind1="0" ind2="0" tag="245"><subfield code="a">&lt;&lt;The&gt;&gt; effects of contaminants on ecological systems</subfield><subfield code="b">proceedings of an IAWPRC Specialized Conference held in Blacksburg, Virginia USA, 17-19 November 1986</subfield><subfield code="c">ed. E.E. Herricks</subfield></datafield><datafield ind1=" " ind2="1" tag="264"><subfield code="a">Oxford</subfield><subfield code="a">New York [etc.]</subfield><subfield code="b">Pergamon Press</subfield><subfield code="c">1987</subfield></datafield><datafield ind1=" " ind2=" " tag="300"><subfield code="a">VII, 126 p.</subfield><subfield code="b">ill.</subfield><subfield code="c">25 cm</subfield></datafield><datafield ind1=" " ind2=" " tag="336"><subfield code="b">txt</subfield><subfield code="2">rdacontent</subfield></datafield><datafield ind1=" " ind2=" " tag="337"><subfield code="b">n</subfield><subfield code="2">rdamedia</subfield></datafield><datafield ind1=" " ind2=" " tag="338"><subfield code="b">nc</subfield><subfield code="2">rdacarrier</subfield></datafield><datafield ind1="1" ind2=" " tag="490"><subfield code="a">Water science and technology</subfield><subfield code="v">vol. 19, no 11, 1987</subfield></datafield><datafield ind1="1" ind2=" " tag="700"><subfield code="a">Herricks, E. E</subfield><subfield code="0">(RERO)A003366990</subfield></datafield><datafield ind1="2" ind2=" " tag="710"><subfield code="a">International Association on Water Pollution Research and Control</subfield><subfield code="b">Specialized Conference</subfield><subfield code="d">1986</subfield><subfield code="c">Blacksburg</subfield><subfield code="0">(RERO)A012343677</subfield></datafield><datafield ind1=" " ind2=" " tag="830"><subfield code="a">Water science and technology</subfield><subfield code="v">19,11,1987</subfield><subfield code="w">(RERO)1890519-41slsp</subfield></datafield><datafield ind1=" " ind2=" " tag="900"><subfield code="a">REROnoselfmerge</subfield></datafield></record>
</metadata></record>