<record><header><identifier>oai:alma.41SLSP_UGE:991000018659705502</identifier><datestamp>2024-03-20T03:29:16Z</datestamp><setSpec>uge_bcen_RapidILL_BOOK</setSpec><setSpec>uge_aaca_RapidILL_BOOK</setSpec><setSpec>uge_abels_RapidILL_BOOK</setSpec><setSpec>uge_dbu_RapidILL_BOOK</setSpec><setSpec>uge_cmu_RapidILL_BOOK</setSpec><setSpec>uge_mail_RapidILL_BOOK</setSpec><setSpec>uge_abbat_RapidILL_BOOK</setSpec><setSpec>UNIGE_ALL</setSpec><setSpec>uge_aobs_RapidILL_BOOK</setSpec><setSpec>uge_acar_RapidILL_BOOK</setSpec></header><metadata>
<record xmlns="http://www.loc.gov/MARC21/slim" xmlns:xsi="http://www.w3.org/2001/XMLSchema-instance" xsi:schemaLocation="http://www.loc.gov/MARC21/slim http://www.loc.gov/standards/marcxml/schema/MARC21slim.xsd"><leader>00911nam a2200241 c 4500</leader><controlfield tag="001">991000018659705502</controlfield><controlfield tag="005">20240319215025.0</controlfield><controlfield tag="008">150807s1724    fr ||||| |||| 00| ||fre d</controlfield><datafield ind1=" " ind2=" " tag="035"><subfield code="a">(swissbib)121903621-41slsp_network</subfield></datafield><datafield ind1=" " ind2=" " tag="035"><subfield code="a">121903621</subfield><subfield code="9">ExL</subfield></datafield><datafield ind1=" " ind2=" " tag="035"><subfield code="a">(RERO)R008218697-41slsp</subfield></datafield><datafield ind1=" " ind2=" " tag="035"><subfield code="a">(EXLNZ-41SLSP_NETWORK)991067488749705501</subfield></datafield><datafield ind1=" " ind2=" " tag="040"><subfield code="a">RERO geuchr</subfield><subfield code="d">CH-ZuSLS</subfield></datafield><datafield ind1=" " ind2="7" tag="072"><subfield code="a">th</subfield><subfield code="2">rero</subfield></datafield><datafield ind1="0" ind2="0" tag="245"><subfield code="a">Caractères tirés de l'Ecriture sainte et appliqués aux moeurs de ce siècle</subfield></datafield><datafield ind1=" " ind2=" " tag="250"><subfield code="a">Troisième édition revue et corrigée</subfield></datafield><datafield ind1=" " ind2="1" tag="264"><subfield code="a">A Paris</subfield><subfield code="b">chez Louis Guerin libraire</subfield><subfield code="a">et se vend à Bruxelles : chez Jean Léonard libraire -imprimeur, rue de la Cour</subfield><subfield code="c">1724</subfield></datafield><datafield ind1=" " ind2=" " tag="300"><subfield code="a">[4], 330, [14] p.</subfield><subfield code="c">in-12</subfield></datafield><datafield ind1=" " ind2=" " tag="336"><subfield code="b">txt</subfield><subfield code="2">rdacontent</subfield></datafield><datafield ind1=" " ind2=" " tag="337"><subfield code="b">n</subfield><subfield code="2">rdamedia</subfield></datafield><datafield ind1=" " ind2=" " tag="338"><subfield code="b">nc</subfield><subfield code="2">rdacarrier</subfield></datafield><datafield ind1="1" ind2=" " tag="700"><subfield code="a">Guérin, Hippolyte-Louis</subfield><subfield code="d">1698-1765</subfield><subfield code="0">(IDREF)032564139</subfield><subfield code="4">prt</subfield></datafield><datafield ind1=" " ind2=" " tag="751"><subfield code="a">Paris (France)</subfield><subfield code="4">pup</subfield><subfield code="0">(IDREF)027244520</subfield></datafield><datafield ind1=" " ind2=" " tag="900"><subfield code="a">REROswissbibnomerge</subfield></datafield><datafield ind1=" " ind2=" " tag="993"><subfield code="a">IHR N 498</subfield><subfield code="x">ge/uihr/5494</subfield><subfield code="9">LOCAL</subfield></datafield></record>
</metadata></record>